3098 4966
588 378 670 416 ιιιιι
681 379 712 416 ιι.
731 379 830 418 annet.
848 381 947 422 sunu.
1322 379 1375 436 loti

169 509 294 590 acquiri
315 507 550 589 possessionem
563 505 591 592 ¹)
617 511 651 568 et
670 523 730 586 per
747 506 829 569 banc
840 512 1073 589 possessionem
1087 514 1178 576 etiam
1193 514 1374 596 dominium,

169 614 198 676 si
221 611 366 673 domiuus
388 609 458 683 luit,
481 607 536 687 qni
559 606 697 682 tradidit,
720 607 772 670 vel
795 611 1019 690 usucapionem
1039 620 1093 675 aut
1114 615 1202 699 lengi
1223 621 1373 699 temporis

168 711 450 794 praescriptionem,
471 709 500 770 si
520 707 664 770 dominus
685 725 749 770 non
774 707 843 770 luit.

108 841 112 846 =
211 816 244 896 p.
258 810 331 876 366.
376 809 509 889 Semper
529 814 634 870 autem
658 809 850 888 acquirimus
870 827 929 891 per
950 829 1024 886 eos,
1048 815 1102 892 qui
1124 817 1272 895 potestati
1294 835 1373 880 nos-

169 921 227 976 trae
250 895 385 973 subiecti
407 915 491 984 sunt,
512 913 545 970 et
566 913 628 970 tam
648 927 707 988 per
727 909 847 972 liberos
869 927 962 991 quam
979 929 1038 991 per
1061 929 1187 976 servos.

203 997 326 1096 ’9.367.
369 1009 446 1072 Cum
469 1011 557 1072 servi
576 1011 677 1072 nostri
698 1010 741 1072 nil
755 1027 848 1072 suum
862 1013 979 1074 babere
996 1015 1130 1094 possint,
1154 1014 1310 1096 quidquid
1332 1033 1373 1078 ex

169 1114 339 1176 traditione
360 1113 597 1187 nanciscuntur,
620 1110 673 1172 rel
696 1111 818 1174 exalia
839 1113 1087 1193 qualibercausa
1109 1117 1287 1196 acquirunt,
1311 1115 1372 1178 boc

169 1218 273 1278 statim
298 1212 389 1276 nobis
411 1217 445 1274 et
465 1211 685 1294 ignorantibus
714 1218 746 1274 et
767 1213 876 1275 invitis
897 1213 1028 1276 obvenit
1041 1216 1089 1301 ¹):
1120 1222 1152 1278 et
1175 1233 1238 1278 non
1266 1214 1370 1278 solum

169 1315 350 1390 dominium,
375 1327 486 1374 verum
507 1313 600 1374 etiam
621 1313 804 1392 possessio:
834 1313 918 1376 unde
942 1333 1000 1395 per
1022 1331 1136 1378 servos
1165 1321 1198 1378 et
1218 1317 1371 1395 usucapio

75 1431 77 1438 ’
169 1417 222 1478 vel
244 1415 333 1498 longi
353 1415 505 1494 temporis
527 1413 690 1494 possessio
711 1414 803 1476 nobis
824 1415 968 1494 procedit
982 1418 1023 1502 ³).

211 1515 272 1579 Per
291 1533 405 1578 seruos
425 1513 679 1576 usufructuarios
703 1513 734 1576 id
750 1520 868 1576 tantum
881 1515 972 1578 nobis
995 1517 1180 1597 acquiritur,
1202 1516 1286 1595 quod
1308 1517 1370 1597 ipsi

169 1635 211 1680 ex
232 1635 269 1678 re
297 1622 406 1679 nostra
431 1614 483 1677 vel
515 1618 621 1695 operis
644 1617 710 1677 suis
740 1617 925 1695 acquirunt:
961 1616 1045 1697 quod
1068 1622 1157 1680 extra
1180 1617 1236 1678 bas
1259 1633 1371 1679 causas

168 1719 333 1781 consecuti
355 1721 440 1792 sunt,
462 1715 495 1777 id
517 1715 556 1778 ad
578 1714 735 1777 dominum
757 1717 934 1795 proprietas
956 1718 1095 1797 pertinet
1106 1717 1146 1802 ⁴).
1191 1716 1276 1782 ldenr
1298 1719 1372 1800 pla-

168 1824 220 1881 cet
241 1817 281 1881 de
304 1835 354 1893 eo,
373 1819 427 1898 qui
440 1835 457 1879 a
470 1817 561 1879 nobis
576 1814 728 1878 bonafide
746 1815 947 1896 possidetur:
971 1819 1077 1897 itaque
1098 1818 1182 1897 quod
1195 1837 1258 1884 nun
1281 1837 1372 1882 exre

167 1925 276 1982 nostra
298 1923 352 1980 out
371 1917 477 1998 operis
501 1917 568 1978 suis
590 1915 737 1996 acquirit,
761 1915 792 1977 id
815 1916 867 1978 vel
887 1916 926 1978 ad
948 1917 1050 1997 ipsum
1070 1918 1219 1998 pertinet,
1241 1921 1270 1982 si
1290 1919 1371 1983 liber

169 2025 230 2096 est,
256 2017 308 2081 vel
333 2017 371 2080 ad
393 2017 552 2080 dominum
575 2017 656 2092 eius,
677 2019 705 2077 si
725 2033 841 2078 servus
866 2022 914 2078 est
923 2015 961 2097 5).

213 2139 244 2219 5.
257 2135 331 2200 368.
376 2133 485 2198 Solent
507 2134 676 2214 aliquando
695 2133 813 2196 domini
835 2135 940 2195 servis
961 2136 1027 2195 suis
1052 2133 1156 2213 aliquia
1185 2136 1266 2200 bona
1290 2155 1370 2201 con-

168 2234 303 2310 cedere,
329 2250 399 2314 que
421 2233 546 2314 peculia
570 2238 734 2294 vocantur.
788 2231 947 2293 Peculium
970 2232 1085 2295 dictum
1108 2239 1174 2311 est,
1196 2237 1286 2316 quasi
1308 2255 1370 2318 pu-

169 2335 240 2398 silla
264 2335 398 2416 pecunia
431 2335 501 2395 sive
530 2333 751 2414 patrimonium
775 2331 925 2413 pusillum
936 2333 978 2418 ⁶).
1028 2333 1109 2396 lllud
1132 2335 1257 2398 Tubero
1279 2335 1370 2398 lCtus

167 2438 215 2499 sic
235 2435 360 2498 delinit:
394 2433 477 2515 quod
501 2447 615 2496 servus
638 2433 754 2495 domini
776 2433 933 2514 permissu
954 2440 1133 2513 separatum
1155 2453 1173 2497 a
1195 2437 1370 2499 rationibus

167 2537 333 2601 dominicis
356 2537 466 2612 babet,
501 2535 636 2598 deducto
661 2535 747 2611 inde,
775 2537 802 2596 si
827 2535 902 2615 quid
926 2535 1053 2624 domino
1077 2535 1212 2598 debetur
1224 2535 1261 2619 τ).
1305 2536 1370 2599 Nee

167 2637 286 2721 peculii
309 2642 369 2716 est,
393 2637 484 2698 cuius
510 2652 625 2697 servus
649 2635 781 2697 seorsim
798 2653 815 2697 a
831 2635 1119 2698 deminorationem
1133 2636 1289 2712 habuerit,
1312 2637 1370 2699 sed

167 2739 252 2821 quod
273 2737 418 2800 dominus
442 2739 511 2818 ipse
539 2737 718 2817 separavit:
752 2755 821 2800 narn
853 2738 904 2799 vel
928 2742 1027 2799 toturn
1050 2737 1207 2818 peculium
1229 2737 1370 2800 adimere

167 2841 314 2905 dominus
336 2843 460 2920 potest,
492 2837 545 2901 vel
568 2855 698 2921 augere,
722 2838 774 2901 vel
793 2839 983 2926 minueress).
1028 2839 1137 2902 Solent
1159 2841 1245 2902 servi
1268 2857 1369 2920 pecu-

167 2943 281 3005 liorum
313 2955 442 3001 suorum
469 2939 769 3001 administrationem
803 2939 940 3015 habere,
975 2937 1074 3001 libera
1104 2955 1181 3002 vere
1212 2939 1369 3004 alienandi

167 3042 400 3124 potestatinon
424 3047 554 3104 utuntur
568 3041 606 3128 9).

208 3147 238 3226 ξ.
254 3143 326 3208 369.
371 3145 555 3224 Antiquitus
570 3143 652 3224 apud
666 3141 820 3206 Romanos
835 3144 927 3206 etiam
948 3142 1190 3206 filiifamiliarum
1212 3143 1256 3206 nil
1278 3159 1368 3204 suum

129 3253 131 3260 “
170 3244 365 3321 babuerunt,
389 3261 458 3307 cum
479 3261 570 3306 nemo
594 3243 698 3306 alieno
719 3245 780 3305 iuri
809 3245 973 3306 subiectus
1006 3244 1224 3325 patrimonium
1249 3243 1366 3306 babere

167 3352 295 3427 posset3
319 3346 405 3408 unde
428 3351 460 3408 et
482 3347 594 3421 omnia,
614 3362 684 3425 quae
707 3344 800 3406 liberi
821 3345 879 3405 sub
894 3349 1051 3424 potestate
1073 3345 1233 3407 constituti
1256 3346 1368 3424 acqui-

167 3453 287 3523 rerent,
309 3448 378 3528 ipso
401 3448 472 3508 iure
493 3453 617 3527 patrum
640 3445 756 3508 fiebant
768 3445 818 3530 1⁰).
862 3443 924 3507 Sed
947 3450 1065 3526 patres,
1088 3443 1198 3506 liberis
1221 3444 1298 3519 suis,
1321 3445 1367 3506 uti

167 3547 283 3610 domini
306 3550 420 3622 servis,
443 3546 602 3627 peculium
614 3547 778 3609 admittere
800 3543 956 3622 solebant,
978 3545 1010 3604 in
1032 3562 1096 3624 quo
1120 3543 1367 3607 administratio-

167 3665 238 3709 nem
259 3652 291 3710 et
315 3647 449 3709 fructum
469 3647 643 3710 habebant:
668 3645 814 3727 quamdiu
834 3645 865 3708 id
888 3651 994 3727 patres
1016 3663 1078 3728 non
1102 3643 1312 3708 adimerent..
1414 3683 1416 3692 .

204 3903 233 3992 1)
253 3905 297 3956 Ex
313 3909 397 3958 const.
419 3904 540 3973 Septimii
558 3904 662 3958 Severi:
691 3907 753 3960 Gaii
772 3909 937 3976 temporibus
956 3907 991 3960 do
1009 3923 1042 3962 eo
1062 3908 1197 3977 quaesitum
1220 3913 1286 3960 eret.
1314 3908 1367 3960 Gir.

210 3993 219 4027 l

167 3979 227 4031 Ge.
247 3976 272 4028 2.
292 3975 315 4036 6.
334 3974 377 4029 95.
396 3979 538 4043 fragment.
557 3980 670 4030 mub'lat.

202 4048 232 4114 2)
252 4048 276 4108 6.
294 4046 320 4099 3.
341 4049 361 4099 1.
382 4050 409 4098 b.
427 4054 445 4100 t.
468 4049 526 4101 Gai.
546 4049 570 4101 2.
591 4049 614 4110 6.
633 4047 676 4102 87.
781 4045 809 4113 3)
828 4046 852 4108 6.
871 4046 895 4100 3.
917 4048 960 4098 cit.
982 4050 1041 4102 (iai.
1062 4051 1086 4104 2.
1104 4051 1127 4111 6.
1145 4049 1188 4102 89.

200 4115 231 4184 4)
250 4120 274 4178 6.
291 4117 317 4172 4.
339 4121 360 4170 Ι.
379 4120 421 4172 eit.
442 4119 501 4172 (iel.
519 4119 544 4172 2.
563 4120 587 4181 6.
607 4121 650 4175 91.
751 4117 778 4186 5)
799 4118 822 4180 6.
842 4117 867 4172 4.
888 4120 909 4170 l.
926 4119 968 4170 cit.
988 4121 1046 4174 eu.
1065 4127 1089 4176 2.
1109 4121 1132 4182 6.
1150 4120 1193 4176 92.
1214 4119 1256 4174 96.

201 4188 230 4256 6)
249 4191 311 4257 Ulp.
329 4189 357 4242 ln
378 4193 409 4242 fr.
427 4189 451 4244 5.
471 4190 495 4251 6.
512 4190 538 4249 3,
557 4195 591 4244 D.
612 4190 653 4256 15,
673 4192 687 4244 1
710 4189 757 4258 (de
774 4186 900 4258 peculio).

200 4257 230 4326 7)
248 4264 291 4314 Fr.
311 4257 335 4314 5.
356 4261 379 4322 6.
396 4259 423 4313 4.
441 4265 473 4314 6.
494 4262 518 4315 6.
539 4264 575 4316 ib.

201 4330 229 4398 8)
247 4335 290 4384 Fr.
308 4331 334 4383 4.
352 4349 391 4398 pr.
410 4335 443 4384 D.
462 4335 523 4386 aod.
542 4335 595 4387 06.
616 4339 643 4385 et
660 4337 691 4386 6.
710 4328 735 4383 7.
757 4331 779 4391 6.
800 4330 826 4382 4.
844 4334 875 4384 6.
895 4331 920 4384 8.
938 4335 970 4386 6.
991 4333 1035 4388 49.
1053 4351 1092 4402 pr.
1111 4336 1144 4386 D.
1165 4335 1226 4386 eod.

201 4401 231 4468 9)
251 4405 314 4470 Arg.
331 4406 364 4456 6.
384 4403 426 4456 20.
444 4406 478 4457 D.
499 4405 573 4468 lm
590 4404 637 4473 (de
654 4400 848 4470 iureiurando).
866 4407 897 4456 6.
914 4401 957 4458 ds.
977 4403 1020 4459 48.
1036 4423 1076 4474 pr.
1096 4407 1130 4458 D.
1149 4406 1175 4456 b.
1194 4410 1213 4456 t.
1236 4401 1291 4470 (lb,
1310 4398 1348 4467 1).

186 4471 233 4539 10)
253 4476 313 4530 Gai.
332 4475 357 4530 2.
376 4475 398 4536 6.
418 4473 461 4530 87.
481 4475 542 4544 Ulp.
560 4478 632 4528 XIX.
654 4475 687 4530 18
706 4472 750 4542 (de
771 4475 841 4526 doru.
861 4477 943 4544 adqo.
964 4477 1072 4545 rerum).
1092 4475 1149 4538 61.
1168 4473 1256 4540 1.2,9
1275 4472 1363 4542 (bb).

167 4543 200 4596 fr.
220 4542 263 4598 10.
283 4564 323 4613 pr.
340 4548 374 4598 D.
394 4545 472 4612 41,1
494 4547 542 4614 (de
560 4549 622 4616 adq.
641 4565 690 4600 rer.
715 4544 807 4611 dom).
