3062 4972
563 312 644 350 tran
660 313 703 364 ur.
726 312 785 352 car.
799 312 860 354 vrrr.
1261 307 1313 364 291

114 439 269 522 obligatio
291 438 399 504 verbis
421 437 554 502 tollitur.
598 437 665 502 llcc
686 445 790 502 autem
813 439 847 502 lit
875 457 933 522 per
955 443 1316 526 acceptilationemde

114 559 176 623 qua
197 542 339 604 breviter
361 540 527 605 dicendum
549 546 609 603 est.

155 664 186 742 §-
198 659 291 724 1026.
333 660 561 723 decemuiro
574 661 600 747 ¹)
628 663 676 721 est
707 660 853 723 remissio
886 660 983 724 debiti
1015 679 1073 744 per
1103 665 1317 748 imaginariam

113 761 304 825 solutionem
332 762 440 824 verbis
467 761 628 840 conceptis
658 759 790 822 oblatam
820 767 851 823 et
879 767 1055 844 acceptam;
1079 767 1132 846 qui
1163 767 1243 828 enim
1273 768 1316 845 id,

114 863 199 944 qood
223 881 263 925 ex
285 862 456 926 verborum
479 861 673 944 obligatione
695 863 723 924 ei
744 862 888 940 debetur,
910 867 1071 928 remittere
1088 867 1177 947 velit,
1201 867 1318 950 patitur

113 964 288 1027 debitorem
310 964 377 1026 lraec
399 963 497 1025 verba
520 961 646 1025 dicere:
670 961 759 1038 Quod
779 977 833 1043 epo
854 962 909 1025 11ὸί
929 965 1067 1044 promisi,
1091 967 1225 1032 butema
1253 985 1312 1031 oc-

113 1065 297 1152 ceptom²)?
320 1071 352 1127 et
375 1065 500 1128 debitor
520 1064 711 1145 respondet:
742 1063 866 1128 Habeo:
898 1084 959 1148 quo
990 1067 1073 1132 lacto
1102 1071 1144 1132 ita
1175 1072 1313 1134 extincta

114 1175 163 1231 est
185 1165 354 1250 obligatio,
388 1167 472 1230 acsi
503 1185 542 1229 ex
569 1185 604 1229 ea
628 1167 765 1230 solutum
788 1167 921 1250 essert).
966 1161 1005 1232 Et
1033 1183 1096 1233 non
1118 1171 1222 1234 solum
1244 1174 1315 1253 ipse

113 1269 238 1332 debitor
260 1268 413 1330 liberatus
436 1271 496 1343 est,
519 1265 690 1329 sedetiam
713 1274 744 1329 et
767 1267 974 1332 fideiussores
992 1271 1217 1358 etpignora4).
1248 1273 1316 1335 Ac·-

113 1371 274 1452 coptilatio
297 1370 373 1432 licet
392 1370 463 1430 lure
486 1367 575 1431 civili
594 1368 782 1446 introducta,
806 1369 974 1433 nilominus
996 1369 1075 1433 iuris
1100 1373 1242 1455 gentium
1256 1371 1316 1434 ba-

112 1473 217 1548 betur,
240 1472 377 1552 ideoque
400 1475 432 1534 et
452 1486 555 1554 graeca
577 1473 718 1534 oratioue
738 1471 806 1535 lieri
826 1477 940 1556 potest.
997 1469 1088 1548 Quod
1114 1487 1176 1536 uon
1199 1489 1238 1536 ex
1253 1471 1315 1536 stl-

111 1573 275 1655 pulatione
297 1572 354 1635 sed
378 1586 418 1634 er
444 1573 505 1635 alia
537 1589 631 1636 causa
657 1572 808 1650 debetur,
840 1571 901 1635 nisi
934 1575 966 1635 in
995 1573 1227 1656 stipulationem
1257 1589 1316 1658 per

111 1676 314 1740 novationem
336 1669 514 1749 deducitur,
537 1673 778 1754 acceptilatione
802 1673 935 1736 dissolvi
958 1689 1020 1738 non
1041 1672 1192 1758 potestl).
1223 1679 1316 1741 Atta-

112 1789 185 1838 men
216 1791 291 1838 rcus
321 1771 387 1836 doli
422 1775 610 1854 exceptione
642 1787 716 1836 sese
749 1773 832 1836 tucri
866 1779 989 1856 potest,
1020 1771 1175 1838 adversus
1206 1784 1315 1860 postea

114 1883 260 1960 agentem
283 1877 489 1940 creditorem:
512 1891 670 1940 consensu
694 1877 776 1939 enim
798 1875 936 1940 debitum
959 1875 1052 1940 alteri
1076 1879 1241 1942 remisisse
1263 1882 1317 1943 vi-

113 1979 208 2042 detur
219 1969 260 2065 1).
707 2049 712 2058 ¹

157 2083 186 2162 6.
201 2077 292 2144 1027.
337 2079 377 2140 llt
397 2083 500 2142 antem
521 2095 629 2141 omnes
652 2079 777 2141 omnino
792 2077 953 2141 cuiusdam
971 2079 1182 2163 obligationes
1198 2097 1316 2162 accep-

112 2179 256 2241 tilatione
278 2195 340 2240 una
361 2183 494 2259 possent
506 2177 661 2254 dissolvi,
682 2177 805 2258 prodita
830 2183 879 2239 est
904 2177 1118 2258 stipulationis
1142 2181 1275 2243 formula
1297 2201 1315 2245 a

115 2279 347 2342 iurisconsulto
366 2278 515 2360 Aequilio
535 2279 638 2356 Gallo,
660 2297 719 2360 per
733 2295 824 2360 quam
837 2279 973 2340 omnium
984 2297 1090 2343 rerum
1105 2281 1315 2365 obligationes

113 2383 148 2444 in
170 2397 263 2443 onam
285 2381 517 2462 stipulationem
540 2397 600 2462 per
620 2383 822 2443 novationem
846 2377 1054 2458 deducuntur,
1080 2387 1111 2443 et
1132 2381 1247 2466 deinde
1260 2399 1317 2447 ac-

114 2488 215 2564 ceptae
238 2481 392 2543 feruntur.
438 2481 601 2543 invenitur
622 2480 818 2561 Aequilianae
839 2481 1051 2560 stipulationis
1070 2481 1200 2546 formula
1214 2485 1246 2546 iu
1261 2477 1317 2546 In-

112 2583 330 2648 stitntlouibus
352 2583 553 2646 Iustinianeis
568 2581 603 2665 ⁷).

156 2701 187 2782 §.
201 2697 295 2766 1028.
341 2700 495 2764 Caeterum
517 2699 714 2782 acceptilatio
737 2717 841 2780 neque
863 2699 920 2763 sub
944 2699 1135 2780 conditione,
1156 2720 1260 2784 neque
1282 2703 1315 2765 in

111 2800 197 2864 diem
222 2799 290 2864 fieri
310 2803 426 2882 potest,
451 2814 519 2864 cum
544 2799 712 2866 solutionis
735 2801 879 2882 exemplo
903 2802 1003 2864 soleat
1022 2801 1159 2866 liberare
1171 2805 1211 2893 ⁸).
1253 2803 1315 2869 Sed

111 2923 172 2987 pro
193 2911 282 2986 parte
305 2903 401 2966 debiti
414 2922 480 2966 eam
503 2903 583 2981 lieri,
606 2902 693 2965 nulla
716 2903 794 2965 iuris
816 2904 897 2965 ratio
919 2903 1114 2987 probibet⁹)‚
1138 2903 1314 2986 siquidem

112 3005 158 3083 id,
183 3004 266 3085 quod
290 3004 436 3082 debetur,
459 3004 647 3067 divisionem
667 3003 782 3084 recipit
792 3003 846 3092 ¹⁰).

155 3125 187 3205 §-
201 3121 293 3190 1029.
338 3121 427 3196 Quod
443 3122 481 3186 ad
504 3128 634 3186 ceteras
653 3138 746 3185 casus
759 3123 907 3202 pertinet,
927 3122 1087 3202 inquibus
1102 3123 1315 3206 obligationes

110 3225 183 3304 ipso
204 3225 273 3285 iure
290 3221 454 3299 tolluntur,
469 3222 616 3300 sufficiet,
642 3228 676 3284 ot
691 3225 723 3285 in
736 3225 915 3286 memoriam
926 3239 1131 3285 revocemus:
1155 3221 1316 3304 exstingui

113 3323 337 3405 obligationes,
362 3325 390 3386 si
409 3341 465 3386 res
485 3314 589 3388 debita
612 3341 687 3387 casu
709 3326 792 3405 perit
817 3323 869 3386 vel
892 3329 978 3386 extra
1003 3325 1222 3388 commercium
1244 3338 1316 3384 esse

112 3424 225 3504 incipit
235 3424 294 3512 ¹¹);
318 3426 391 3488 item
404 3423 482 3488 alias
502 3431 602 3488 morte
624 3425 758 3506 partium
779 3424 861 3487 liniri
882 3431 936 3488 aut
958 3443 1064 3488 earum
1084 3424 1316 3488 renuntiatione

151 3703 180 3774 1)
200 3709 260 3774 Dig.
280 3705 325 3771 46,
342 3705 368 3760 4.
388 3707 411 3768 6.
431 3708 455 3762 2.
473 3709 495 3760 Ι.
513 3707 539 3771 3,
558 3706 592 3762 29
611 3705 650 3774 (h.
667 3703 708 3773 1.).
731 3708 790 3760 Gai.
809 3707 835 3760 3.
856 3703 1015 3761 169-171.

150 3775 179 3844 2)
200 3779 512 3848 Formulamproseruul
531 3777 635 3832 (1113.
660 3778 764 3839 6169.
789 3785 816 3831 et
833 3778 857 3837 6.
878 3778 902 3830 1.
928 3780 950 3830 Ι.
968 3776 995 3841 3,
1014 3775 1049 3830 29
1070 3771 1146 3842 (cit).
1182 3775 1316 3842 Exempla

113 3851 197 3918 plura
215 3851 301 3903 habes
318 3853 346 3902 in
363 3855 394 3902 fr.
411 3850 437 3904 4.
457 3852 482 3906 9.
501 3850 545 3905 13.
565 3850 588 3910 6.
607 3851 634 3905 9.
653 3853 684 3902 lr.
707 3849 750 3904 15.
766 3869 807 3917 pr.
824 3852 857 3900 1).
880 3852 906 3901 h.
925 3855 943 3901 1.

149 3918 179 3986 3)
198 3923 241 3974 Fr.
260 3920 303 3974 13.
324 3918 408 3981 617.
428 3923 459 3976 fr.
479 3922 573 3975 16.1).
593 3923 620 3973 h.
639 3928 657 3974 t.
756 3919 785 3988 4)
804 3920 827 3980 6.
847 3919 872 3972 1.
891 3923 912 3972 Ι.
932 3922 959 3972 h.
979 3927 998 3972 l.
1017 3923 1048 3972 fr.
1068 3917 1093 3972 8.
1113 3917 1136 3978 §-
1154 3915 1180 3971 4.
1201 3920 1235 3970 1).
1253 3918 1315 3972 cod.

149 3989 1028 4057 5)(111.66.1701116611.101113630601.

150 4059 180 4127 6)
199 4065 242 4116 Fr.
264 4064 306 4118 19.
325 4082 363 4132 pr.
382 4067 413 4117 ir.
433 4064 476 4118 23.
494 4067 527 4117 D.
545 4067 572 4116 h.
592 4070 609 4116 1.
631 4068 663 4116 fr.
683 4059 726 4115 27.
744 4063 767 4122 6.
789 4063 814 4116 9.
832 4065 868 4114 D.
884 4063 945 4116 cod.

149 4131 545 4200 7)§.2.1.11.t.n.18.§.
566 4135 723 4187 Loeod.
823 4131 852 4200 8)
871 4135 914 4186 Fr.
935 4133 961 4187 4.
980 4131 1004 4186 5.
1023 4137 1056 4186 D.
1076 4134 1135 4184 nt

150 4201 178 4272 9)
197 4207 240 4258 Fr.
259 4207 285 4260 9.
305 4205 347 4260 10.
371 4209 405 4259 D.
425 4208 453 4259 h.
471 4213 490 4260 t.
510 4207 533 4267 6.
554 4206 579 4259 1.
598 4208 620 4259 Ι.
639 4208 666 4258 h.
686 4211 705 4256 1.
732 4205 791 4257 cai.
811 4203 838 4268 3,
858 4203 917 4258 172.
954 4207 1021 4257 Erat
1045 4210 1072 4258 at
1088 4205 1143 4255 alra
1160 4202 1318 4269 imaginaris

115 4279 214 4330 solutio
232 4280 317 4330 veteri
334 4280 391 4330 iure
409 4295 521 4332 romano
531 4314 539 4342 ,
564 4295 622 4347 quae
638 4293 687 4345 per
704 4293 739 4329 as
757 4282 784 4328 et
802 4278 899 4328 libram
917 4277 1000 4329 fiebat
1025 4283 1052 4330 ct
1069 4281 1178 4342 recepta
1196 4273 1233 4324 ad
1253 4274 1317 4325 nexi

117 4349 303 4402 liberationem
322 4356 369 4402 aut
391 4353 468 4403 βίοι
489 4365 572 4402 causa
591 4349 704 4402 iudicati
714 4348 780 4418 quid
791 4348 911 4418 debitum
932 4355 1010 4402 esset.
1031 4341 1317 4401 uar.111.173.-174.

135 4417 182 4485 10)
202 4421 245 4472 Fr.
266 4419 307 4474 13.
327 4420 351 4481 6.
372 4420 399 4473 1.
415 4420 440 4474 2.
458 4423 491 4472 D.
512 4423 538 4473 h.
562 4426 581 4472 t.

133 4489 180 4555 11)
199 4491 244 4544 Fr.
263 4489 306 4545 23.
326 4491 349 4554 6.
368 4491 394 4546 3.
413 4489 440 4545 4.
458 4493 493 4544 D.
510 4489 555 4558 45,
575 4490 590 4544 1
610 4488 657 4560 (de
677 4491 711 4542 V.
729 4487 783 4554 0.).
801 4493 833 4544 ir.
853 4487 912 4545 ldb.
931 4492 966 4543 D.
985 4488 1029 4556 to,
1049 4489 1083 4542 17
1103 4486 1151 4556 (de
1171 4501 1227 4552 reg.
1245 4481 1317 4553 lur.).
