3062 4972
590 307 670 344 urana
682 307 719 348 ιν.
741 306 799 348 chr.
811 307 843 344 ιι.
1268 303 1319 357 321

120 435 270 515 parietis,
302 438 333 495 et
356 435 503 498 idoneum
533 441 683 515 prestare
693 453 701 510 ;
735 435 838 496 cautio
860 440 963 497 autem
993 435 1059 500 haec
1091 444 1156 516 est,
1188 445 1223 502 ut
1252 459 1322 503 eum

121 536 227 598 iubeat
251 535 290 597 de
313 535 484 598 reficiendo
507 535 628 615 pariete
651 553 777 610 cauere,
802 553 906 614 neque
926 552 973 612 se,
997 555 1101 618 neque
1117 557 1322 603 successores

123 652 199 700 suos
220 637 436 716 prohibituros
456 635 550 698 altius
570 635 694 711 tollere,
717 635 936 714 sublatumque
954 637 1081 714 habere,
1104 642 1177 702 etsi
1193 643 1324 718 caverit,

122 737 314 812 absolvitur,
348 723 474 800 sivero
496 753 601 816 neque
624 755 688 798 rem
711 741 860 816 prestet,
891 754 994 817 neque
1017 740 1211 818 cautionem,
1245 743 1322 804 tanti

120 839 359 914 condemnetur,
383 839 491 918 quanti
512 843 600 900 actor
621 839 653 900 in
678 839 763 900 litem
788 839 995 924 iuraverit1).
1196 850 1198 854 ·

163 945 193 1022 ξ.
210 939 302 1004 1123.
347 939 492 1020 Denique
521 945 552 1001 et
580 939 702 1000 fructus
732 941 763 1000 in
793 938 988 1000 consessoria
1019 941 1142 1003 actione
1172 943 1323 1019 veniunt;

123 1047 155 1104 et
177 1042 208 1104 id
230 1059 321 1104 omne
344 1039 502 1102 fructuum
525 1041 651 1102 nomine
676 1039 916 1120 computandum
939 1047 997 1117 est,
1022 1042 1105 1122 quod
1127 1045 1249 1124 agentis
1270 1047 1323 1106 in-

125 1143 227 1217 tersit,
251 1143 435 1204 servitutem
459 1159 522 1204 non
547 1141 645 1202 tuisse
668 1141 854 1222 prohibitam
869 1140 905 1212 2),

164 1247 193 1325 ξ.
209 1242 301 1306 1124.
346 1243 449 1305 Acme
471 1265 646 1307 scenicam
668 1245 816 1323 competit
830 1243 877 1304 rei
894 1242 1030 1318 domino,
1054 1244 1107 1322 qui
1123 1244 1258 1306 intendit
1271 1247 1321 1307 ius

120 1361 183 1406 non
206 1361 278 1404 esse
297 1342 481 1405 adversario
504 1343 613 1405 utendi
635 1342 778 1419 fruendi,
802 1343 903 1405 eundi·
919 1342 1053 1425 agendi,
1083 1361 1235 1424 aquamve
1259 1346 1319 1408 du·

121 1443 232 1518 cendi,
263 1445 337 1506 item
360 1444 453 1507 altius
476 1443 627 1522 tollendi,
659 1443 890 1526 prospiciendi,
921 1445 1107 1524 proiieiendi
1132 1445 1183 1508 vei
1206 1447 1322 1508 immit-

120 1544 257 1630 tendi³).
303 1543 435 1613 Videtur
464 1552 585 1622 autem,
616 1549 669 1626 qui
698 1547 755 1608 hac
787 1545 910 1608 actione
935 1546 1050 1621 utitur,
1083 1548 1181 1629 magis
1203 1547 1241 1608 de
1264 1565 1323 1610 suo

121 1647 192 1706 iure
215 1664 331 1728 agere,
358 1665 450 1726 quam
480 1646 520 1709 de
548 1633 672 1721 alieno;
703 1663 776 1708 'cum
799 1646 950 1720 intendit,
980 1663 1015 1707 se
1036 1647 1135 1709 invito
1158 1647 1249 1710 alteri
1272 1650 1321 1709 ius

118 1747 152 1808 iu
174 1765 210 1808 re
233 1764 289 1809 sua
313 1747 433 1809 nullum
459 1767 548 1810 esse:
580 1749 718 1828 ideoque
742 1747 817 1810 licet
839 1747 1000 1828 possideat
1024 1746 1226 1809 adversarius
1248 1765 1322 1808 ser-

120 1849 265 1924 vitutem,
287 1849 492 1912 nihilominus
515 1849 554 1912 de
575 1851 645 1911 iure
666 1865 724 1912 suo
745 1850 878 1930 probare
900 1849 994 1911 debet
1005 1848 1044 1928 ⁴).
1089 1847 1208 1921 Quodsi
1230 1849 1322 1924 forte,

121 1949 176 2028 qui
198 1950 275 2031 agit,
299 1950 442 2013 dominus
465 1953 667 2032 proprietatis
693 1953 834 2028 nonsit,
859 1952 1001 2030 quamvis
1025 1968 1056 2010 v.
1080 1969 1106 2011 c.
1131 1949 1323 2012 fructuarius

120 2051 170 2112 ius
193 2051 303 2112 utendi
324 2069 388 2113 non
412 2051 545 2127 habeat,
580 2053 687 2113 vincet
709 2057 811 2112 tamen
835 2053 924 2128 iure,
956 2068 1019 2130 quo
1042 2067 1229 2131 possessore
1250 2057 1324 2112 sunt

122 2152 265 2231 potiores
277 2152 317 2238 ὅ).

163 2253 193 2333 §-
207 2250 298 2317 1125.
342 2250 459 2313 iudicis
483 2251 618 2314 officium
642 2257 700 2327 est,
724 2257 759 2313 ut
783 2253 927 2314 cautione
950 2252 989 2313 de
1012 2269 1075 2313 non
1097 2251 1228 2332 amplius
1251 2257 1323 2312 tur-

118 2351 224 2416 bando
247 2368 379 2417 securus
400 2359 568 2433 praestetur
589 2355 791 2433 proprietatis
814 2353 976 2430 dominus,
1006 2372 1046 2415 ne
1076 2353 1320 2438 inquieteturss).

89 2443 95 2448 ³
119 2457 220 2520 Etiam
243 2455 274 2515 in
297 2453 356 2517 hac
377 2455 519 2530 actione,
543 2457 571 2516 si
594 2471 669 2516 reus
693 2456 734 2527 sit
756 2457 875 2530 victus,
901 2455 1023 2516 fructus
1047 2454 1214 2534 prestandi
1237 2458 1321 2528 suut,

119 2554 247 2618 scilicet
270 2555 298 2614 si
320 2571 489 2633 possessor
512 2573 574 2617 non
598 2556 703 2630 fuerit,
728 2557 781 2635 qui
804 2555 926 2638 agath.

166 2661 196 2740 ξ.
212 2656 304 2720 1126.
350 2655 715 2739 Enuarrauraquoque
738 2657 769 2717 in
790 2674 856 2717 rem
879 2659 960 2719 actio
984 2657 1131 2737 competit
1146 2672 1207 2716 non
1223 2653 1323 2715 solum

67 2765 76 2777 “
120 2763 231 2822 contra
252 2758 322 2841 agri
345 2755 513 2839 vectigalis
539 2756 708 2832 dominum,
732 2757 788 2821 sed
812 2761 903 2820 etiam
924 2760 1079 2823 adversus
1097 2771 1325 2838 quemcumque

118 2875 349 2941 possessorem.
395 2857 427 2920 Si
448 2857 527 2918 bona
551 2856 612 2920 fide
635 2855 731 2920 alicui
755 2860 866 2922 tradita
891 2861 933 2920 sit
955 2859 1190 2940 emphyteusis,
1214 2855 1324 2918 Publi-

122 2963 222 3026 ciauoe
243 2960 357 3022 actioni
380 2958 468 3020 locus
492 2959 592 3045 esti).

164 3067 194 3147 §-
210 3061 302 3128 1127.
339 3059 491 3138 ,Denique
512 3063 543 3122 et
564 3057 790 3124 sursarrcnn'ro
812 3062 930 3125 Precor
951 3080 1045 3126 causa
1068 3062 1195 3145 cognita
1212 3061 1244 3122 in
1258 3077 1325 3122 rem

120 3167 277 3231 actionem
301 3159 472 3241 pollicetur
483 3159 520 3248 9).

166 3261 302 3348 §.1125
347 3260 381 3322 ln
396 3277 462 3320 rem
479 3261 571 3322 eiiam
586 3261 727 3322 actiones
748 3267 822 3322 sunt
836 3261 990 3324 Saavrrus
1006 3266 1038 3323 ci
1052 3285 1142 3338 Qutsr
1159 3261 1325 3338 Srrvnnr,

121 3383 193 3448 quae
208 3366 300 3427 etiam
323 3383 553 3423 auroruucumu
567 3384 654 3424 acrio
666 3367 807 3422 vocatur.
834 3360 887 3422 liae
899 3367 941 3422 ,et
961 3363 1038 3441 ipsae
1059 3379 1098 3423 ex
1110 3361 1253 3450 i'raeioris
1274 3362 1327 3422 iu·
1344 3424 1347 3435 ,

120 3466 310 3530 risdictione
329 3458 534 3523 substantiam
559 3462 695 3540 capiunt.
741 3461 891 3523 Seruiana
915 3462 1037 3522 actione
1061 3461 1142 3522 enim
1165 3461 1327 3540 experitur

121 3569 194 3650 quis
218 3567 257 3630 de
278 3549 381 3627 rehus'
397 3559 523 3637 coloni,
557 3577 625 3641 quae
647 3562 791 3644 pignoris
818 3564 888 3623 iure
918 3579 976 3643 pro
1005 3561 1204 3623 mercedibus
1238 3559 1327 3622 sundi

131 3671 331 3682 ——nu—

164 3703 192 3771 1)
212 3706 312 3757 Paulus
332 3700 359 3758 iu
379 3708 410 3757 fr.
429 3701 456 3756 7.
475 3706 509 3756 D.
532 3704 559 3770 8,
579 3703 596 3758 5
616 3704 651 3770 (ai
669 3709 780 3760 servitus
799 3705 968 3773 vindicetur).

159 3775 188 3842 2)
207 3778 249 3827 Fr.
268 3775 294 3828 4.
315 3776 338 3836 6.
358 3777 382 3829 2.
402 3779 433 3828 ir.
453 3775 479 3828 6.
502 3775 525 3834 6.
544 3778 569 3828 6.
589 3781 622 3830 D.
641 3777 667 3842 3,
688 3776 705 3830 5
723 3779 771 3846 (tit.
789 3777 851 3844 aih).
871 3777 944 3831 inb.
965 3777 988 3839 ἓ.
1007 3777 1032 3830 3.
1052 3775 1078 3829 4.
1098 3780 1131 3830 D.
1148 3774 1208 3840 7,6
1232 3773 1270 3842 (h.
1289 3775 1342 3842 t.).‘

160 3846 187 3912 3)
211 3847 234 3906 h.
254 3847 279 3898 2.
301 3849 330 3898 in
351 3849 421 3900 med.
441 3849 462 3898 Ι.
481 3844 508 3910 4,
527 3846 543 3898 6
564 3845 613 3912 (de
632 3846 705 3914 ach).
723 3853 754 3902 fr.
766 3851 790 3903 2.
808 3869 847 3917 pr.
867 3851 900 3901 D.
909 3850 935 3914 8,
955 3849 972 3902 5
993 3847 1027 3916 (si
1045 3847 1178 3916 servitus).
1199 3851 1230 3901 ir.
1248 3845 1273 3901 5.
1290 3866 1329 3916 pr.

120 3923 157 3972 D.
177 3915 204 3981 7,
222 3917 238 3970 6
256 3916 290 3985 (si
307 3916 494 3986 ususfructus).
538 3919 642 3987 Mopmc
661 3921 684 3980 §.
707 3919 767 3974 223.

159 3988 189 4056 4)
207 3993 249 4041 De
266 4007 345 4043 onere
363 3991 497 4058 probandi
516 4002 607 4043 contra
628 4009 697 4056 eum,
717 3995 761 4060 qui
783 3993 934 4046 servitutem
952 3993 1087 4060 possidat,
1105 3994 1218 4043 multum
1238 3991 1327 4058 dispu-

122 4068 206 4114 tatur.
244 4062 296 4114 Cir.
317 4080 341 4114 o.
368 4062 516 4129 Vonpercw
535 4061 559 4121 §.
579 4062 639 4116 353.

148 4130 190 4198 ab)
212 4135 255 4184 Fr.
273 4132 299 4186 5.
318 4152 357 4201 pr.
376 4135 419 4184 cit.
522 4132 550 4198 6)
572 4137 615 4186 Fr.
635 4132 660 4188 5.
680 4135 702 4194 ἓ.
722 4133 746 4186 6.
765 4135 799 4184 D.
817 4134 878 4186 cod.

161 4203 190 4270 7)
209 4206 253 4256 Fr.
274 4203 299 4256 5.
318 4205 341 4264 6.
360 4205 386 4260 6.
405 4207 433 4256 in
450 4207 468 4256 f.
486 4205 520 4256 D.
540 4207 601 4257 aod.
619 4209 650 4258 ir.
668 4205 710 4258 12.
733 4207 767 4256 D.
786 4205 811 4268 8,
830 4204 847 4257 5
865 4203 899 4270 (ai
918 4201 1049 4269 servitus).

161 4273 191 4332 8)
211 4277 254 4327 Fr.
274 4277 300 4328 1.
318 4276 342 4335 §.
361 4277 386 4330 1.
413 4279 446 4327 D.
468 4274 494 4339 6,
512 4276 529 4328 3
553 4277 588 4344 (si
612 4293 677 4344 ager
694 4277 833 4343 uectigalis
851 4271 976 4342 petatur).
999 4277 1030 4326 fr.
1050 4273 1092 4328 12.
1121 4273 1144 4334 d.
1163 4273 1189 4327 3.
1213 4277 1247 4326 D.
1266 4273 1291 4340 6,
1311 4274 1327 4328 2

125 4345 177 4414 (de
197 4348 300 4400 Publio.
320 4350 349 4400 in
367 4364 423 4400 ram
445 4343 519 4411 sot.)·
810 4349 815 4359 ''
1030 4403 1031 4406 Ἴ

162 4415 192 4484 9)
212 4419 255 4470 Fr.
273 4417 316 4470 73.
334 4419 361 4470 in
378 4421 397 4470 f.
418 4420 450 4470 ir.
472 4415 516 4470 74.
535 4412 577 4469 75.
596 4417 629 4468 D.
649 4414 674 4479 6,
694 4414 707 4468 1
727 4412 776 4482 (de
796 4417 834 4468 rei
852 4413 1002 4482 uindicat).
1022 4415 1107 4468 fara.
1127 4413 1151 4476 §-
1170 4414 1195 4468 3.
1214 4417 1248 4467 D.
1266 4413 1329 4480 6,2

124 4487 176 4558 (da
195 4487 377 4556 Publiciana).
397 4491 428 4542 ir.
450 4487 474 4540 1.
495 4505 535 4556 pr.
556 4488 579 4548 5.
600 4485 680 4540 3.·D.
698 4483 743 4550 43,
763 4484 797 4539 18
816 4485 862 4556 (de
882 4486 1029 4557 super-fio).

1144 4579 1269 4636 21'
