3062 4972
209 347 263 401 270
532 357 737 394 vvsrrrurronrs
758 359 831 394 vonis
851 355 953 394 mm
973 357 1093 394 rarv'nrv.

251 487 282 564 1.
295 481 367 548 954.
412 482 538 544 Donare
561 488 696 562 possunt
717 499 842 557 omnes,
874 483 928 561 qui
957 499 1010 544 res
1032 499 1106 544 suas
1131 484 1285 548 alienandi
1306 485 1415 547 facul-

211 589 274 646 tate
295 583 460 644 fruuntur:
492 599 598 645 rerum
622 583 794 644 alienarum
823 581 1093 645 administratores
1122 585 1246 647 nisiex
1277 587 1412 665 speciali

212 685 357 747 mandato
381 684 500 746 donare
523 701 585 746 non
608 686 793 768 possunt1).
849 682 966 746 Donari
989 702 1067 746 vero
1092 685 1235 747 omnibus
1262 689 1413 766 personis
1514 689 1515 696 ’

210 788 302 861 licet,
324 790 531 865 preterquam
556 785 606 858 iis,
630 800 700 863 quae
718 785 865 863 potestati
889 783 1052 846 donatoris
1074 786 1239 862 subiectae,
1262 786 1316 848 vel
1342 804 1413 848 cum

211 905 251 948 eo
276 886 334 947 sub
359 885 499 947 eiusdem
520 889 676 964 potestate
699 885 876 946 constitutae
901 884 1021 973 sautu.
1057 885 1142 947 lnter
1152 890 1253 948 virum
1275 893 1307 949 et
1326 905 1413 950 uxo-

210 1004 276 1048 rem
297 1003 423 1066 quoque
444 985 630 1048 donationes
653 985 781 1046 inutiles
803 991 886 1060 sunt,
912 995 943 1047 et
966 1006 983 1048 a
1007 986 1142 1049 donante
1163 989 1308 1050 revocari
1332 1005 1412 1068 pos-

211 1091 295 1162 sunt,
319 1086 439 1148 etiamsi
465 1084 600 1147 tortasse
623 1102 675 1146 res
699 1085 820 1146 tradita
843 1086 962 1147 luerint
976 1085 1016 1172 8),

253 1183 555 1248 iurisconsultorum
585 1192 687 1248 lamen
716 1187 976 1266 interpretatione
1005 1187 1070 1249 lraec
1099 1187 1299 1250 donationum
1329 1190 1413 1250 inter

213 1287 369 1368 coniuges
391 1287 564 1367 prohibitio
587 1288 787 1349 strictissime
820 1285 980 1350 intellecta
1004 1287 1100 1370 est4).
1143 1287 1243 1350 llorte
1263 1287 1412 1352 donantis

136 1417 142 1423 ·
210 1387 444 1449 interveniente
465 1388 592 1450 donatio
618 1388 832 1464 convalescit,
855 1393 887 1450 et
909 1405 961 1450 res
984 1387 1105 1450 donata
1126 1388 1164 1450 ab
1186 1391 1254 1450 eius
1279 1387 1413 1452 heredi-

207 1488 266 1548 bus
286 1491 431 1551 revocari
456 1494 621 1569 nequeunt
635 1489 680 1575 ⁶).

251 1592 281 1671 §.
295 1590 367 1655 955.
410 1589 528 1653 Donari
543 1596 677 1671 possunt
694 1608 803 1652 omnes
818 1607 962 1670 resque
972 1590 1195 1654 alienationem
1208 1590 1412 1676 recipiunti),

209 1695 270 1751 tarn
294 1690 443 1772 singulae,
468 1709 559 1772 quam
582 1693 684 1756 omnia
709 1691 869 1754 donatoris
893 1691 973 1753 bona
999 1693 1051 1754 vel
1065 1709 1138 1771 pars
1158 1709 1276 1752 eorum.
1299 1689 1413 1769 Neque

210 1797 312 1852 tamen
336 1792 367 1853 in
392 1793 608 1856 huiuscemodi
628 1809 704 1855 casu
726 1794 765 1868 is,
785 1793 836 1853 cui
859 1792 1004 1867 donatur,
1027 1792 1154 1854 heredis
1177 1791 1247 1862 loeo
1269 1797 1329 1866 est,
1353 1809 1414 1856 nec

150 1893 152 1900 ’
208 1891 369 1954 donatoris
392 1910 557 1972 personam
578 1894 736 1963 sustinet:
769 1912 832 1954 aere
859 1892 963 1955 alieno
992 1893 1128 1956 deducto
1158 1911 1219 1956 uon
1253 1893 1314 1956 nisi
1347 1909 1412 1967 res,

209 2010 279 2072 que
301 2000 483 2074 supersunt,
506 1993 543 2056 ad
569 2013 638 2056 eum
661 1993 877 2080 transeunti).
922 1992 1065 2072 Denique
1099 2011 1160 2056 non
1181 1992 1282 2056 solum
1304 2009 1413 2054 rerum

209 2093 376 2156 dominium
405 2095 575 2158 donatione
598 2098 630 2157 in
654 2095 749 2157 alium
773 2095 937 2158 transferri
960 2100 1084 2176 potest,
1114 2094 1170 2156 sed
1200 2095 1291 2156 etiam
1314 2109 1414 2156 usus·
1514 2143 1515 2168 ,

206 2195 330 2256 fruetus
352 2195 404 2256 vel
432 2211 509 2258 usus
541 2213 659 2258 earum.
712 2196 787 2258 ltem
815 2197 1006 2258 remissione
1029 2197 1114 2271 eius,
1152 2195 1236 2276 quod
1264 2193 1413 2268 debetur,

207 2294 336 2357 donatio
352 2294 420 2356 lieri
432 2297 580 2376 potestss).
605 2295 719 2358 Rerum
732 2295 903 2360 alienarum
916 2313 1043 2376 quoque
1062 2297 1189 2360 donatio
1202 2313 1259 2375 pro
1274 2293 1414 2357 donante
1514 2359 1515 2364 ,

208 2393 396 2477 obligatoria
420 2402 469 2457 est
492 2401 523 2457 et
546 2395 669 2476 expleta
693 2396 730 2459 ad
751 2398 975 2478 usucapionem
998 2397 1127 2477 prodest
1141 2396 1177 2477 9).

252 2498 283 2577 1.
300 2496 371 2562 956.
417 2495 551 2560 Donatio
573 2517 635 2560 non
658 2496 760 2562 solum
781 2503 873 2578 pacto
897 2499 954 2560 sed
977 2498 1090 2562 etaliis
1113 2497 1212 2560 modis
1235 2497 1294 2560 iam
1318 2495 1411 2575 prius

211 2596 388 2660 observatis
414 2597 481 2660 sreri
511 2605 625 2679 potest.
670 2599 702 2662 Si
737 2617 795 2680 per
816 2599 1015 2664 traditionem
1038 2599 1117 2661 lacta
1143 2604 1192 2660 est
1222 2602 1253 2660 et
1275 2595 1411 2658 donator
1513 2607 1514 2642 ³

207 2697 351 2760 dominus
382 2705 466 2776 erat,
498 2700 666 2762 dominium
699 2702 747 2762 rei
770 2701 892 2762 donata
915 2702 946 2762 in
970 2701 1173 2780 accipientem
1195 2698 1326 2771 transit,
1350 2713 1411 2776 pro

208 2799 367 2860 evictione
388 2817 466 2862 vero
489 2800 545 2862 ille
569 2819 631 2866 non
655 2807 799 2877 tenetur,
830 2802 891 2864 nisi
913 2803 946 2864 in
970 2801 1043 2864 dolo
1066 2805 1144 2876 erat,
1167 2799 1219 2861 vel
1241 2797 1411 2868 evictionis

206 2901 438 2977 praelationem
460 2902 641 2982 specialiter
663 2903 806 2982 promisit
815 2901 866 2988 ¹⁰).

249 2995 309 3068 Qui
330 3006 421 3078 pacto
442 3019 477 3063 se
498 3003 653 3085 obligavit
674 3003 818 3080 donator,
845 3002 999 3083 peculiari
1032 3003 1232 3066 condictione
1266 3019 1305 3062 ex
1334 2999 1411 3082 lege

209 3095 253 3181 (c.
270 3095 321 3164 35.
348 3102 377 3180 1.
394 3100 423 3164 3.
446 3100 480 3161 C.
504 3103 534 3164 h.
560 3103 597 3192 t.)
620 3087 784 3165 conveniri
809 3109 937 3183 potest,
962 3103 1001 3166 ad
1022 3122 1087 3166 rem
1111 3101 1253 3165 donatam
1276 3099 1410 3164 traden-

212 3195 280 3258 dam
304 3197 357 3264 vel
379 3200 416 3263 ad
438 3203 667 3281 prestandum,
691 3202 775 3283 quod
806 3203 960 3282 promisit.
1010 3202 1058 3265 ux
1085 3202 1240 3281 rescripto
1273 3199 1338 3262 divi
1364 3198 1410 3259 Pii

207 3303 309 3360 tamen
333 3304 491 3378 nonnisi,
515 3304 547 3364 in
571 3310 722 3384 quantum
747 3303 852 3366 facere
875 3309 990 3384 potest,
1013 3301 1269 3368 condemnandus
1291 3305 1352 3375 est,
1378 3304 1410 3362 et
1511 3383 1512 3386 Ἴ

209 3415 271 3462 non
292 3401 386 3464 aliter
405 3403 533 3466 iudicati
556 3406 680 3468 actione
701 3403 942 3467 conveniendus
954 3404 1004 3490 11).
1511 3399 1512 3474 Ῠ

249 3501 364 3579 §.aaa
409 3501 559 3564 Persectae
583 3503 767 3566 donationes
798 3505 944 3566 revocari
971 3521 1033 3566 non
1056 3507 1191 3583 possunt
1219 3501 1281 3564 nisi
1309 3499 1408 3562 certis
1511 3501 1512 3560 Ξ

241 3668 269 3734 1)
287 3669 332 3719 Fr.
350 3665 393 3720 98.
413 3667 435 3726 1
454 3668 478 3720 9.
502 3665 531 3718 D
550 3667 697 3735 9,14(1θ
718 3665 823 3736 paedia).
841 3672 873 3720 ir.
886 3667 911 3720 7.
929 3687 968 3736 pr.
990 3667 1019 3720 D.
1039 3671 1066 3721 h.
1087 3675 1106 3722 1.

241 3737 269 3806 9)
289 3739 373 3791 Frl.
395 3739 417 3800 1,
439 3737 463 3789 1.
484 3737 513 3790 D.
532 3738 576 3802 41,
595 3737 692 3806 6(pro
713 3737 835 3806 donato).

242 3807 270 3876 3)
288 3813 321 3862 D.
339 3777 382 3873 94,
403 3809 467 3862 1.0
447 3811 514 3862 Ood.
533 3808 612 3874 5,16
630 3809 677 3877 (de
696 3813 785 3863 donat.
808 3813 855 3864 int.
873 3811 921 3862 vir.
944 3816 970 3863 ci
988 3807 1087 3876 uxor..)

241 3879 456 3946 4)..1151.8
458 3881 557 3934 ..119
544 3847 1188 3948 rimssoeapasttemtionem).

242 3948 320 4018 5)0.
339 3951 382 4004 91.
402 3950 443 4004 95.
468 3952 496 4004 0.
516 3951 541 4017 5,
562 3953 594 4006 16
614 3950 663 4019 (tit
683 3951 747 4019 cit.)
766 3957 797 4004 11.
816 3955 841 4006 1.
860 3955 883 4013 1,
902 3955 949 4003 ult.
971 3950 1002 4004 D.
1020 3951 1065 4017 41,
1084 3949 1178 4020 6(pro
1201 3943 1323 4012 donato).

243 4021 1067 4092 )099931904351111111111)(130111

242 4091 916 4159 7)1“1.19Ι)..,,111115,.35.....1301ι1

243 4163 1117 4232 8)1’1,9.....,.....ρ111981)511191911179501

208 4235 272 4358 d9)
292 4240 335 4289 Fr.
354 4235 453 4304 13111.
482 4235 513 4288 D.
533 4237 576 4302 39,
595 4236 612 4288 6
637 4236 685 4304 (do
705 4244 781 4290 mori.
803 4255 886 4292 causa
906 4237 1018 4304 donat).
1037 4242 1069 4292 t'r.
1073 4237 1112 4290 9.
1128 4237 1153 4292 3.
1180 4235 1211 4286 D.
1229 4232 1282 4296 41,
1298 4229 1315 4286 6
1346 4229 1408 4299 (pro

229 4311 329 4375 onalo).

225 4377 616 4441 loturmtuisohs
1509 4401 1510 4410 ¹

224 4441 1410 4587 111)ᾱ1ἰ“1,1ξ11.33ρ1.1..3ὓ...11111....19111130.491),49,1(1ο

205 4539 234 4574 ro
263 4539 278 4574 u
300 4523 370 4574 'aava
