3082 4976
647 387 834 432 rmcuucrro.
1196 442 1198 446 ¹
1304 377 1340 433 2⁷

137 525 284 583 correcte
307 525 338 581 et
360 518 468 581 multis
491 516 591 581 modis
620 531 774 579 converso
805 518 907 580 hebet.
960 519 1179 600 superscripto
1202 513 1340 602 singulis

139 621 222 684 locis
243 620 453 702 imperatoris,
476 638 492 680 u
518 635 592 698 quo,
616 633 787 698 eurumque
808 635 1024 700 personarum,
1049 620 1087 682 ud
1111 635 1191 701 quus
1217 623 1340 684 consti-

139 723 223 784 tutio
247 737 380 801 queque
402 721 471 782 dcto
495 723 573 794 erut,
596 720 732 780 nomino.

181 821 277 906 §.92
322 820 451 883 consur
474 818 582 882 Codex
613 837 652 881 cx
684 819 850 882 duodecim
882 819 973 882 libris
1003 823 1035 884 in
1068 821 1177 884 titulos
1219 821 1342 899 divisis,

139 929 175 988 et
196 922 370 986 secundum
392 921 596 1005 Digestorum
624 921 692 983 lere
721 921 864 984 ordinem
886 922 1060 1003 dispositis.
1112 923 1209 985 llulto
1240 929 1343 986 tomen

137 1025 190 1086 ius
211 1024 371 1105 publicum
402 1025 574 1104 spectantis
604 1039 643 1085 eo
674 1022 984 1103 comprehenduntur
997 1024 1035 1108 ¹).
1089 1021 1270 1086 Publicstus
1292 1027 1342 1086 est

135 1124 192 1190 llio
216 1123 323 1188 Codex
346 1145 395 1186 xv.
417 1121 496 1186 Nou.
520 1147 641 1186 urxurv.

527 1337 595 1389 TIT.
615 1337 662 1389 IV.
698 1337 748 1388 ΒΕ
769 1337 959 1391 uouemus.

183 1499 214 1577 ὅ.
228 1493 279 1560 93.
324 1495 379 1558 His
408 1496 505 1558 vuriis
528 1495 618 1558 libris
646 1495 741 1558 linitis
763 1497 953 1560 lustiniunus
978 1513 1080 1576 usquc
1111 1513 1225 1560 annum
1251 1519 1343 1560 univ.

140 1596 305 1677 regnavit,
328 1613 432 1677 neque
454 1615 535 1660 nove
559 1597 599 1659 de
622 1598 692 1660 iure
710 1603 852 1661 statuere
872 1598 987 1674 desiit,
1011 1597 1224 1680 plurimusque
1244 1598 1344 1680 igitur

140 1799 231 1862 lnisce
251 1797 379 1881 legibus
400 1801 543 1877 mutavit,
564 1818 627 1863 non
651 1817 723 1865 roro
748 1806 780 1864 et
801 1800 1049 1882 ipsssNovellus
1072 1802 1185 1864 iterum
1207 1800 1346 1864 correxit

139 1903 196 1962 out
216 1901 392 1962 revocavit.
436 1899 581 1964 l'lnrime
605 1919 712 1964 cerum
737 1919 843 1985 grece
870 1907 945 1964 sunt
966 1903 1110 1983 scripte,
1133 1901 1268 1964 burburo
1292 1906 1345 1960 tu·

139 1997 292 2080 nidoque
324 2001 477 2064 cretionis
511 2021 642 2085 genere.
692 2002 859 2084 Nunquam
891 2003 939 2066 lre
970 2004 1212 2066 constitutiones
1242 2001 1343 2082 priori

141 2097 252 2162 codici
275 2101 403 2163 inserte
426 2108 482 2186 sut
513 2104 546 2164 in
567 2103 724 2187 singulari
747 2104 908 2168 volumine
931 2103 1074 2166 collecte
1095 2109 1179 2166 sunt.
1222 2101 1343 2166 Nume-

140 2205 256 2262 ronlur
276 2199 419 2265 Novelloe
443 2209 568 2266 eentum
590 2210 622 2268 et
643 2207 807 2288 sexaginta
828 2210 918 2282 octo,
951 2221 1021 2284 que
1049 2222 1127 2268 veru
1150 2221 1210 2271 nco
1233 2219 1342 2266 omnes

143 2299 351 2364 lustinionum
373 2309 534 2366 auctorem
562 2305 688 2383 hubent,
710 2325 770 2369 nec
793 2323 900 2369 omnes
922 2305 1005 2388 legis
1026 2305 1240 2368 anctoritatem
1263 2302 1346 2384 opud

140 2418 201 2464 nos
224 2410 417 2486 receperunt
429 2404 469 2492 ²).
516 2405 693 2470 Graecurum
714 2405 918 2470 Novellurum
944 2407 1205 2488 interpretatione
1237 2404 1344 2480 latinu,

140 2501 247 2566 medio
270 2521 339 2567 aevo
361 2505 421 2568 ium
446 2505 537 2585 lucto,
560 2508 655 2572 hodie
677 2509 723 2571 uti
746 2507 896 2570 solemus.

139 2728 212 2780 uls.
223 2729 257 2779 u.
294 2729 344 2780 Du
363 2729 529 2783 consonus
547 2729 643 2782 rums
665 2729 795 2784 omnus
814 2729 974 2794 eruscos
991 2727 1154 2782 risurum
1173 2727 1282 2780 innuen
1300 2726 1344 2781 sn

569 2817 699 2872 munus
717 2817 878 2872 unricus
892 2817 923 2886 ³).
949 2889 956 2896 .

184 2979 216 3059 θ.
229 2975 280 3041 94.
325 2975 465 3059 singule
493 2977 541 3039 he
572 2979 651 3040 iuris
672 2979 811 3054 romoni,
841 2997 858 3040 a
883 2975 1055 3038 lustiniuno
1078 2972 1204 3036 collecti
1229 2973 1283 3036 vel
1304 2973 1342 3036 ub

140 3095 180 3140 ec
199 3077 321 3153 sanciti,
343 3083 448 3158 portes
474 3101 623 3142 corrosus
646 3101 728 3141 nunus
751 3099 859 3140 cnvmrs
878 3077 1003 3140 nomine
1025 3080 1153 3138 notaeet
1168 3074 1343 3156 sepissime

82 3210 84 3214 .
141 3176 364 3260 editesunt4).
389 3177 465 3252 Quoe
486 3179 524 3241 uli
548 3179 724 3243 editoribus
746 3181 819 3242 lunio
833 3178 1014 3244 collectioni
1036 3177 1156 3240 adiecto
1173 3175 1345 3239 inveniun-

177 3420 206 3490 1)
225 3425 284 3478 Liu
308 3426 328 3478 I.
365 3427 426 3478 Lib.
445 3426 579 3478 Iit—xii
1155 3444 1156 3448 ¹

173 3493 208 3561 2)
226 3495 327 3548 XCVII
345 3503 447 3550 tentum
466 3497 586 3550 Novellae
606 3497 634 3548 in
651 3497 863 3552 occidentalibus
882 3498 998 3564 Europes
1010 3497 1100 3564 regnis
1118 3495 1185 3562 legls
1203 3493 1346 3546 auctorito-

143 3567 199 3618 tem
217 3573 303 3619 nemus
322 3575 383 3622 sunt
403 3567 468 3633 (vid.
489 3567 596 3634 §.103)·
635 3569 753 3621 Novello
772 3571 850 3622 CXL.
866 3569 976 3623 CXLIV
993 3585 1048 3621 non
1066 3566 1207 3620 Iusilnieui
1224 3565 1273 3618 sed
1291 3565 1347 3623 lus,-

144 3639 194 3690 llni
216 3639 343 3706 irmionis,
372 3641 464 3694 CLXI.
485 3635 608 3694 OLXlil.
629 3636 747 3692 CLXIV.
784 3643 884 3695 Tiberii
909 3640 1035 3705 secundir
1061 3636 1346 3694 cdxvi-cumi

143 3711 333 3762 Praeicctorum
353 3712 477 3763 Pretorio
495 3717 557 3764 sunl
574 3713 656 3779 leges.

178 3777 208 3841 8)
226 3789 410 3831 cornuum
431 3789 487 3832 um.
507 3781 531 3842 §-
549 3779 591 3834 24.

179 3849 209 3918 4)
229 3852 369 3920 Sufficiens
387 3855 444 3917 orit,
472 3870 520 3906 nos
540 3856 644 3906 criticos
663 3854 795 3906 editiones
825 3861 955 3900 comiti!
977 3861 1050 3899 ΝΜ·
1070 3860 1187 3914 ultim,
1215 3865 1272 3918 quw
1293 3850 1345 3900 hoc

145 3924 243 3976 seculo
261 3925 291 3976 in
312 3927 457 3978 Germanic
476 3927 593 3992 vulgatus
611 3932 688 3988 suut,
711 3927 877 3976 nominssse:
905 3928 968 3975 sunt
984 3925 1018 3975 c'e
1037 3939 1117 3992 quum
1134 3924 1253 3976 Baebius
1270 3921 1346 3973 suuis

150 3992 329 4048 isto-1836
347 4013 406 4048 eum
422 3998 517 4048 criticis
535 3999 604 4049 notis
615 3999 770 4048 instructam
789 3997 886 4062 Lipsius
903 3996 931 4046 in
951 3995 977 4043 V
995 3995 1157 4048 voluminib·
1179 3991 1205 4044 8.
1225 3993 1343 4060 publico·

147 4067 202 4128 vlt;
220 4067 285 4118 ilem
305 4083 339 4118 oe
356 4083 415 4136 quus
431 4069 459 4120 in
481 4070 507 4119 ll
528 4069 587 4120 Vol.
608 4070 643 4120 eb
663 4085 696 4121 oo
716 4073 809 4135 pereto
824 4067 921 4133 Lipsius
939 4081 964 4116 u.
984 4063 1266 4133 1ssipr0uut31um
1289 4063 1344 4116 sdi-

147 4138 184 4189 lio
198 4135 358 4205 Stereotype
378 4155 440 4190 oum
452 4141 521 4192 notis
539 4141 644 4204 criticis,
665 4155 745 4208 quem
767 4156 821 4190 uno
842 4137 976 4189 volumino
990 4139 1141 4191 obuolutum
1159 4136 1257 4202 Llpoiu
1276 4131 1346 4187 1848

143 4209 244 4276 publici
261 4210 325 4261 iuris
342 4214 460 4262 tomum
472 4214 580 4280 fratrer
594 4211 737 4278 Km'epslr‘s',
756 4210 830 4262 dem.
840 4208 1002 4260 Herrmerm
1016 4220 1043 4264 sc
1060 4209 1094 4261 Il.
1105 4210 1307 4274 Ouodmcqym.
1318 4201 1344 4256 4.

143 4281 250 4332 Novum
268 4286 325 4332 turn
344 4283 442 4334 criticis
460 4299 520 4334 cum
531 4283 676 4349 exegeticis
694 4284 763 4334 nolis
778 4283 947 4342 illustratam,
964 4279 1175 4336 Institutionum
1193 4279 1345 4338 editionem,

146 4351 477 4478 ollnzlffciffduffugclltffdlff
479 4344 1338 4491 1m:⁴:13]ngpomeritolggrrffisrteigdffoznuffiuem?
1340 4381 1346 4395 Ι

145 4507 210 4546 num
237 4498 294 4546 lem
312 4495 478 4564 singulorum
497 4497 621 4563 Corporis
643 4497 708 4549 iuris
730 4496 845 4563 portium
872 4494 1176 4566 quantummodo,
1203 4491 1291 4548 istos
1317 4489 1345 4539 ln

145 4564 271 4620 Auctoris
292 4565 438 4636 l'orccltulc
457 4584 500 4635 pp.
512 4565 662 4621 299-323.
