3098 4966
566 373 646 410 nresn
667 373 697 410 11.
717 373 814 412 rnnsr.
834 373 891 414 cnr.
903 375 944 414 111.
1307 365 1356 418 121

212 523 280 576 mr.
299 523 332 574 v.
369 507 504 586 cursus
523 523 635 576 uonrs
657 523 880 576 snnvrrnrns
903 524 1009 577 noers
1030 525 1298 588 ncouraurvrna.

197 663 227 740 ξ.
239 659 312 722 430.
357 659 533 721 Servitutes
558 663 616 720 tam
636 635 844 738 personarum
860 678 951 740 quam
967 660 1155 740 praedior'nm
1169 659 1271 720 tribus
1287 678 1357 722 mo-

151 759 203 820 dis
228 758 477 820 constituuntur:
509 764 710 834 testamento,
733 758 981 837 adiudicatione,
1002 762 1102 841 pactis
1127 767 1157 822 et
1176 761 1357 842 stipulatio-

151 859 281 936 nibus..
304 858 457 920 Praeterea
482 858 669 938 praediorum
692 860 862 921 servitutes
884 863 974 922 etiam
996 861 1090 944 longa
1115 863 1204 942 quasi
1225 879 1378 941 posses-.·

148 959 243 1020 sione
267 959 485 1036 acquiruntur,
511 964 541 1019 et
566 959 748 1020 usufructus
772 959 855 1042 lege.

195 1060 312 1142 5431.
357 1055 554 1119 'lestamento
579 1059 812 1120 constituuntur
840 1057 1010 1124 servitutes
1035 1079 1104 1141 que
1124 1061 1288 1143 legantur3
1326 1071 1357 1124 et

153 1163 261 1246 legari
285 1161 389 1223 solent
417 1176 479 1220 non
504 1157 604 1218 solum
630 1161 849 1235 ususfructus,
881 1178 958 1222 usus
987 1167 1023 1252 et
1044 1161 1213 1240 habitatio,
1246 1183 1356 1228 verum

147 1264 244 1325 etiam
274 1261 463 1344 praediorum
487 1261 659 1322 servitutes
673 1261 710 1345 1).
755 1261 1039 1347 Adiudicattone2)
1064 1269 1124 1324 tam
1147 1265 1352 1327 ususfructus

149 1381 244 1444 quam
264 1362 453 1443 praediorum
473 1362 645 1422 servitutes
669 1362 816 1423 constitui
839 1369 972 1442 possunt
993 1365 1024 1424 in
1042 1363 1166 1426 iudiciis
1183 1365 1355 1444 divisoriis,

150 1463 270 1544 quibus
300 1469 330 1524 et
354 1454 521 1524 dominium
554 1461 644 1522 nobis
677 1463 862 1541 acquiritur.
907 1463 1037 1535 Quando
1068 1463 1141 1547 lege
1174 1467 1356 1545 acquiratur

149 1562 367 1637 ususfructus
391 1563 457 1622 suis
479 1578 605 1640 semper
626 1559 705 1621 locis
728 1561 869 1623 dicemus
878 1581 886 1636 3
914 1569 1014 1625 restat
1036 1565 1189 1646 igiturut
1212 1566 1251 1628 de
1274 1569 1354 1630 reli·
1455 1641 1458 1645 .

149 1664 223 1744 quis
246 1662 409 1724 servitutis
433 1660 659 1722 constituendae
682 1662 779 1723 modis
803 1663 1013 1742 dispiciamus.
1315 1659 1317 1666 '

195 1767 225 1844 ᾗ.
236 1761 309 1824 432.
355 1761 415 1833 Qui
435 1761 518 1820 inter
535 1761 626 1822 vivos
642 1761 696 1822 alii
710 1762 947 1838 usumfructum,
971 1765 1022 1825 vel
1036 1764 1162 1844 aliquod
1178 1768 1228 1828 ius
1243 1769 1352 1852 praedii

148 1865 346 1926 constituere
368 1861 456 1935 velit,
478 1861 674 1940 pactionibus
700 1860 730 1922 ct
746 1861 1002 1942 stipulationibus
1014 1865 1046 1926 id
1061 1866 1187 1930 efficere
1201 1871 1227 1951 ³)
1249 1869 1353 1931 debet.

150 1964 365 2026 'iraditionem
380 1965 550 2024 servitutes
567 1981 627 2040 non
646 1965 812 2044 recipiunt,
836 1968 981 2045 quoniam
995 1969 1211 2047 incorporales
1230 1976 1303 2030 sunt
1314 1971 1353 2056 ¹²).

148 2066 294 2144 Antiqua
318 2065 386 2126 iure
410 2064 497 2125 civili
521 2070 580 2126 tarn
611 2065 812 2127 ususfructus
844 2085 934 2146 qnam
964 2068 1152 2148 praediorum
1182 2072 1354 2132 servitutes

147 2168 183 2228 in
209 2165 318 2227 ltalico
340 2167 409 2228 solo
434 2185 490 2246 per
513 2167 544 2226 in
575 2167 643 2226 iure
667 2169 840 2228 cessionem
864 2168 1128 2230 concedebantur.
1173 2169 1243 2232 lura
1268 2189 1353 2252 prae-

149 2266 275 2328 diorum
298 2267 488 2326 rusticorum
506 2265 597 2326 etiam
612 2267 780 2346 mancipari
793 2273 938 2346 poterant
948 2266 988 2352 ⁵).
1034 2267 1068 2328 ln
1083 2270 1270 2348 provinciali
1284 2271 1354 2333 solo

152 2368 214 2428 iam
240 2371 302 2428 turn
324 2367 521 2446 pactionibus
551 2371 581 2427 et
602 2366 856 2446 stipulationibus
883 2369 1152 2431 constituebantur
1166 2370 1210 2457 ⁶),
1240 2377 1271 2432 et
1294 2371 1354 2433 hoc

134 2469 201 2546 ,ius
226 2485 242 2527 a
268 2465 442 2528 lustiniano
464 2473 625 2547 receptum
648 2474 706 2528 est.

197 2569 227 2648 ξ.
240 2567 313 2630 433.
359 2557 584 2646 stipulationes
605 2586 694 2645 vero,
718 2569 830 2649 quibus
852 2571 1018 2632 utebantur
1039 2577 1164 2646 veteres
1188 2573 1218 2632 in
1233 2573 1354 2633 consti-

149 2666 278 2728 tuendis
300 2668 520 2744 servitutibus
546 2669 592 2730 bae
616 2675 707 2730 sunt:
735 2672 826 2746 ntis,
850 2673 903 2750 qui
917 2671 966 2732 ius
979 2673 1144 2732 servitutis
1158 2670 1251 2747 cedit,
1275 2690 1354 2753 pro-

148 2769 276 2852 mittats
294 2787 351 2848 per
373 2787 407 2830 se
430 2787 491 2831 non
515 2769 593 2846 lieri,
616 2789 720 2850 neque
740 2790 796 2852 per
812 2771 960 2834 heredem
978 2774 1058 2849 eius,
1081 2775 1245 2853 quominus
1262 2771 1353 2834 alteri

101 2859 103 2862 ¹
147 2869 197 2929 uti
222 2867 301 2944 frui,
325 2871 445 2932 antire
468 2891 566 2954 agere
588 2872 699 2934 liceat:
732 2875 805 2936 item
827 2893 886 2955 per
910 2892 979 2936 eum
1005 2875 1048 2936 nil
1071 2875 1166 2952 fieri,
1188 2875 1354 2955 quominus

146 2969 319 3030 luminibus
334 2973 437 3038 ,vicini
450 2973 559 3053 praedii
574 2973 729 3036 officiatur
742 2974 786 3060 ²);
810 2975 861 3037 vel
875 2981 908 3036 ut
924 2977 1004 3038 alter
1019 2976 1198 3057 stipuletur,
1222 2977 1266 3036 nti
1289 2975 1351 3036 irui

146 3069 210 3130 sibi
236 3068 333 3132 licere
346 3070 384 3156 8).
430 3072 491 3135 Sed
514 3092 553 3134 an
578 3075 742 3136 servitutis
767 3078 857 3156 quasi
880 3077 1005 3140 traditio
1027 3078 1207 3140 necessaria
1230 3077 1289 3154 sit,
1319 3081 1354 3137 ut

145 3169 244 3251 pleno
265 3171 335 3232 iure
357 3175 550 3252 acquirentis
573 3173 634 3251 bat,
659 3179 825 3256 quaesitum
848 3177 946 3266 esti).
998 3178 1145 3250 Quamvis
1166 3194 1243 3239 vero
1266 3175 1352 3237 utilis

144 3329 345 3340 ——....---

185 3417 212 3484 1)
235 3420 257 3478 §-
279 3421 304 3472 1.
325 3423 344 3471 l.
363 3419 388 3482 2,
406 3419 424 3472 4
444 3419 489 3487 (dc
508 3421 666 3487 usufructu).
694 3419 723 3472 D.
743 3421 787 3486 33,
807 3421 823 3474 2
844 3421 891 3489 (dc
910 3438 959 3475 usu
978 3429 1004 3474 et
1025 3425 1160 3474 usufructu
1179 3423 1290 3490 legatol.
1320 3421 1351 3474 D.

144 3488 194 3554 33,
215 3489 232 3542 3
253 3489 301 3557 (de
320 3493 445 3544 servitute
463 3491 574 3559 legata).
594 3493 665 3546 Usus
684 3495 790 3546 nonnisi
808 3495 898 3560 legato
918 3496 1041 3546 constitui
1060 3511 1139 3562 posse
1158 3495 1271 3547 videtur.

186 3560 214 3625 2)
235 3562 259 3622 ἓ.
276 3562 355 3616 4—6.
382 3565 403 3614 Ι.
424 3563 450 3628 4,
471 3563 504 3614 17
531 3563 578 3629 (de
600 3567 670 3616 offic.
689 3563 768 3630 iud).
791 3568 822 3616 fr.
842 3566 867 3617 6.
893 3567 915 3626 ἓ.
935 3567 959 3617 1.
986 3565 1015 3617 Ι).
1034 3564 1059 3628 7,
1081 3567 1095 3617 1
1123 3567 1169 3632 (de
1193 3564 1353 3632 usufructu).

143 3635 179 3684 fr.
199 3633 242 3686 22.
262 3634 284 3694 §-
303 3634 328 3686 3.
351 3631 381 3685 D.
402 3635 445 3699 10,
464 3634 480 3685 2
501 3633 596 3701 (famil.
618 3633 751 3701 heroico).

184 3702 213 3770 3)
233 3706 256 3765 3.
275 3704 301 3756 4.
322 3709 342 3757 l.
362 3707 388 3770 2,
411 3705 428 3758 3
456 3705 603 3773 (deserv.)
628 3708 651 3766 ἓ.
672 3707 696 3758 1.
722 3710 742 3759 I.
762 3707 787 3760 2.
807 3707 824 3759 4
847 3707 894 3774 (de
914 3705 1004 3774 usuf.).
1030 3711 1063 3760 fr.
1082 3706 1123 3760 27.
1151 3707 1173 3768 ἓ.
1193 3707 1218 3762 7.
1241 3706 1271 3760 D.
1289 3707 1316 3773 7,
1337 3709 1351 3762 1

183 3845 201 3898 4
234 3849 293 3900 Gai.
317 3849 341 3900 2.
361 3848 384 3908 §-
404 3847 446 3902 19.
466 3846 509 3900 28.

234 3919 293 3971 Gai.
313 3921 337 3972 2.
358 3921 380 3979 §-
400 3919 513 4042 {tt-30.
535 3919 577 3973 32.
597 3919 639 3973 33.
677 3921 739 3990 Ulp.
758 3922 829 3972 XIX.
851 3923 874 3974 2.
911 3922 997 3973 Votic.
1017 3923 1034 3973 i.
1053 3940 1073 3973 r.
1093 3925 1186 3990 fragm.
1206 3927 1230 3988 §-
1250 3922 1292 3978 50.

236 3990 295 4042 ori.
317 3992 341 4044 2.
363 3991 385 4050 ἓ.
425 3990 447 4042 1.

201 4058 274 4123 )Fr.
293 4061 318 4114 2,
339 4063 362 4122 ἓ.
382 4060 406 4112 5.
425 4065 456 4114 fr.
475 4062 501 4114 4.
522 4062 544 4121 ἓ.
564 4063 588 4114 1.
608 4065 639 4115 fr.
659 4062 701 4117 38.
722 4065 744 4124 ἓ.
757 4063 781 4114 6.
800 4065 832 4114 fr.
851 4062 893 4116 49.
915 4063 937 4122 §-
949 4064 973 4116 2.
993 4065 1024 4114 fr.
1044 4061 1086 4116 75.
1107 4062 1162 4123 §.7-
1180 4067 1211 4116 fr.
1231 4061 1274 4116 85.
1292 4065 1314 4126 ἓ.
1328 4063 1353 4118 3.

142 4133 178 4184 fr.
200 4133 259 4184 111.
277 4135 308 4184 fr.
328 4135 388 4186 131.
406 4150 446 4199 pr.
469 4132 498 4184 D.
517 4132 590 4196 45,t
618 4135 664 4202 (de
685 4155 710 4189 v.
730 4133 792 4201 ob).
813 4137 843 4185 fr.
866 4136 905 4187 19.
925 4153 963 4200 pr.
985 4133 1014 4186 D.
1034 4133 1059 4198 7,
1079 4137 1090 4188 1
1115 4133 1161 4202 (de
1180 4135 1303 4202 usufr.).,

183 4199 211 4266 8)
235 4205 279 4255 Fr.
300 4205 343 4257 38.
365 4205 387 4264 i.
409 4205 521 4258 10-12.
544 4202 575 4256 D.
593 4205 638 4270 45,
658 4209 683 4259 1.

184 4271 212 4337 9)
232 4277 384 4329 Communis
404 4279 467 4328 olim
487 4282 544 4328 orat
564 4279 735 4346 interpretum
754 4279 860 4343 opinio,
881 4278 986 4328 nonnisi
1007 4279 1223 4346 quasitreditione
1242 4279 1282 4328 ius
1302 4291 1354 4328 scr-

143 4347 237 4397 vitutis
263 4350 375 4416 acquiri:
402 4349 562 4400 contrariam
588 4351 746 4402 sententiam
766 4350 881 4415 probare
907 4351 984 4415 coepit
1005 4352 1031 4401 J.
1052 4352 1222 4403 Schmidteta
1240 4351 1267 4400 in
1287 4351 1350 4399 Βίε-

144 4425 212 4469 ccrt.
231 4422 357 4485 inducor.
386 4421 516 4486 Gottingae
545 4418 614 4472 1823
642 4423 788 4488 publicata.
824 4420 889 4471 Eius
912 4421 1059 4472 doctrinam
1085 4423 1162 4474 novis
1190 4419 1353 4484 argumentis

145 4487 279 4540 adhibitis
304 4496 397 4542 contra
424 4492 638 4543 adversariorum
664 4493 810 4543 tentamina
835 4492 1004 4544 defendimus
1033 4497 1112 4560 atque
1137 4492 1300 4542 firmavimus
1326 4490 1353 4539 in

145 4557 249 4612 Arabio
261 4563 314 4628 sdr
334 4565 413 4616 Os‘os'l.
433 4563 545 4625 Procris,
566 4569 584 4614 t.
604 4563 646 4616 12.
665 4581 691 4630 p.
710 4563 758 4616 52:
770 4569 797 4615 et
814 4563 841 4614 in
861 4563 1006 4627 Themide,
1027 4565 1076 4616 tte
1096 4582 1121 4629 p.
1133 4559 1246 4615 57-89.
1276 4561 1353 4612 Com-
