3098 4966
592 323 942 368 arsurr.rnssrucsr.rr.
1307 319 1361 375 147

165 453 205 529 is,
227 455 319 517 cuius
341 453 381 516 de
402 451 578 516 hereditate
598 452 760 530 queritur.
804 451 894 526 Quod
916 456 944 517 si
965 453 1047 518 facto
1066 459 1252 522 testamento
1274 459 1366 540 quis-

165 570 257 635 quam
279 554 470 632 decesserit,
499 572 557 634 per
578 553 640 616 hoc
661 560 784 635 tempus
805 557 1026 636 requiruntur,
1058 575 1121 638 quo
1150 565 1271 622 certum
1293 577 1366 623 esse

166 657 315 737 coeperit,
342 655 463 720 nulium
486 672 527 717 cx
547 658 733 718 testamento
755 655 904 718 heredem
932 657 1136 736 exstiturum,
1158 660 1258 722 vetuti
1282 660 1366 740 quod

164 759 388 820 testamentum
409 757 581 838 rescissum
604 753 656 818 vel
678 754 860 820 destitutum
882 755 1025 839 fuerit1).

204 879 235 956 §-
249 873 322 940 512.
366 874 478 955 Neque
491 880 595 937 tamen
609 891 735 955 semper
749 875 788 951 is,
812 877 866 954 qui
881 876 1025 956 proximo
1043 875 1242 958 cognationis
1262 877 1365 957 gradu

164 971 314 1039 defuncto
337 978 462 1039 iunctus
485 980 544 1052 est,
570 975 731 1057 legitimus
753 975 847 1038 heres
871 975 1022 1038 efficitur:
1047 975 1104 1038 sed
1126 977 1180 1056 qui
1205 981 1236 1038 et
1256 975 1365 1037 ordine

163 1081 197 1138 et
215 1075 317 1156 produ
338 1077 499 1158 proximus
524 1075 668 1137 habetur.
711 1075 906 1138 Deferuntur
925 1077 1006 1138 enim
1024 1077 1155 1158 primum
1171 1077 1364 1139 hereditates

162 1177 339 1240 secundum
361 1176 489 1240 ordines
514 1177 576 1252 ita,
608 1179 662 1252 ut,
694 1177 802 1255 quiin
829 1178 999 1239 remotiore
1029 1177 1140 1240 ordine
1163 1179 1366 1240 inveniantur

165 1279 306 1361 cognati,
330 1283 394 1338 tum
417 1277 539 1338 demum
562 1275 774 1353 admittantur,
800 1294 869 1338 cum
891 1296 932 1339 ex
953 1279 1059 1358 priore
1075 1277 1186 1339 ordine
1201 1297 1292 1349 nemo
1307 1295 1365 1340 su-

160 1381 295 1461 persit,
324 1379 447 1441 etiamsi
470 1375 607 1440 fortasse
635 1377 682 1440 iili
713 1379 813 1460 gradu
842 1381 1007 1460 propiores
1030 1377 1140 1463 sinet).
1185 1377 1279 1442 immo
1304 1379 1366 1442 ali·-

162 1479 290 1560 quando
311 1481 344 1540 in
367 1479 478 1542 eodem
499 1479 611 1542 ordine
632 1481 819 1544 remotiores
847 1481 975 1561 cognati
1004 1479 1096 1542 simul
1120 1495 1189 1541 cum
1213 1480 1364 1560 proximis

161 1585 337 1644 vocantur:
354 1581 498 1644 nimirum
513 1580 639 1660 quando
653 1580 744 1642 liberi
758 1586 921 1661 parentum
937 1579 1221 1660 praedefuuctorum
1235 1597 1364 1644 suorum
1389 1564 1394 1574 ⁹

161 1683 195 1744 in
216 1681 538 1754 locumsueccdunt,
570 1699 741 1761 eorumque
765 1686 885 1760 partem
914 1681 1082 1761 accipiunt.
1125 1680 1277 1744 Hodierni
1308 1697 1363 1746 eos

160 1781 231 1844 iure
251 1782 538 1860 repraesentationis
558 1781 732 1844 succedere
754 1781 871 1844 dicunt.

203 1881 349 1962 Denique
382 1881 571 1944 admonendi
604 1897 731 1957 sumus,
760 1881 960 1944 remotiorem
984 1879 1126 1942 ordinem
1148 1897 1212 1942 non
1234 1879 1364 1956 admitti,

162 1982 313 2062 quamdiu
335 1985 367 2044 in
391 1981 589 2062 precedente
612 1987 767 2064 cognatus
788 1982 944 2061 supersit,
974 1981 1028 2060 qui
1049 1979 1256 2044 hereditatem
1278 1979 1365 2044 adire

163 2085 282 2165 possit:
307 2101 376 2146 nam
399 2085 571 2146 novissimo
593 2086 663 2147 iure
676 2067 716 2145 ¹et
738 2082 881 2145 ordinum
906 2087 937 2143 et
958 2080 1112 2163 graduum
1128 2083 1291 2144 successio
1306 2080 1365 2144 ad-

162 2184 380 2271 missumst).

205 2304 235 2384 ἕ.
250 2300 323 2367 513.
368 2301 401 2364 Si
423 2300 532 2381 plures
555 2301 647 2362 simul
672 2300 710 2362 ad
734 2298 939 2361 hereditatem
961 2298 1170 2379 perveniunt,
1202 2297 1363 2362 hereditas

161 2401 246 2464 inter
273 2418 329 2463 eos
355 2400 511 2464 dividitur
539 2406 593 2464 aut
624 2419 681 2481 pro
717 2417 847 2462 numero
879 2415 1084 2480 personarum
1114 2397 1362 2474 succedentium,

162 2519 232 2581 quae
256 2501 372 2564 divisio
396 2504 428 2564 in
456 2502 563 2580 cupito
584 2501 779 2583 appellatur,
809 2505 863 2562 aut
888 2515 945 2580 pro
968 2499 1122 2561 linearum
1144 2499 1196 2561 vel
1218 2499 1362 2578 stirpium

160 2619 310 2679 numero,
342 2617 404 2682 quo
427 2602 509 2666 facto
532 2603 647 2666 divisio
660 2604 700 2696 ‘in
722 2601 818 2663 tineas
839 2600 892 2662 vel
914 2601 945 2662 in
966 2599 1080 2678 stirpes
1102 2598 1170 2660 fieri
1192 2598 1358 2686 dicitur⁴).

203 2723 234 2801 §-
247 2719 319 2786 514.
364 2719 469 2804 Vulgo
493 2722 683 2801 interpretes
713 2725 778 2782 tres
806 2718 1019 2802 legitimorum
1049 2717 1199 2780 heredum
1233 2716 1362 2779 ordines

163 2818 380 2902 distinguunt:
404 2838 473 2883 curn
495 2821 685 2884 fustinianus
705 2823 737 2882 in
759 2821 861 2883 tribus
884 2818 1026 2883 Novellae
1048 2817 1184 2880 cxviii.
1207 2818 1361 2898 capitibus

162 2921 295 3004 primum
320 2919 449 2999 liberis,
480 2921 593 2985 deinde
619 2922 658 2985 de
679 2922 861 3003 parentibus
885 2927 917 2982 et
936 2924 1031 2983 tertio
1054 2919 1124 2983 loco
1147 2920 1187 2982 de
1217 2920 1361 3001 cognatis

161 3011 204 3082 en‘
223 3019 325 3083 latere
351 3021 465 3083 iunctis
493 3021 617 3086 locutus
639 3025 689 3086 sit.
735 3021 886 3097 Quoniam
910 3028 1013 3085 autem
1043 3022 1144 3085 eidem
1168 3020 1272 3084 ordini
1301 3019 1375 3082 ad-'

160 3121 345 3184 numerandi
376 3128 449 3184 sunt
477 3141 603 3200 omnes,
641 3125 695 3206 qui
722 3123 815 3187 simui
844 3127 914 3186 sive
941 3124 1130 3187 coniunctim
1160 3122 1198 3184 ad
1226 3119 1360 3184 alicuius

160 3221 368 3285 heredftatem
390 3229 563 3301 vocantur,
600 3226 709 3287 rarior
731 3225 862 3287 dicenda
886 3229 935 3286 est
960 3223 1256 3286 iurisconsultorum
1275 3209 1361 3302 ‘qua-

162 3327 237 3384 tuor
266 3323 395 3385 ordines
425 3341 465 3386 en
486 3323 618 3388 Novella
651 3324 892 3407 distinguendos
922 3341 994 3386 esse
1018 3323 1259 3386 existimantium
1276 3337 1360 3386 sen-

159 3423 269 3484 tentia.
313 3421 473 3486 Vocantur
503 3426 585 3486 anim
607 3426 708 3506 primo
729 3425 800 3487 loco
827 3423 937 3501 liberi,
970 3422 1085 3486 deinde
1115 3425 1262 3502 parentes
1289 3437 1359 3481 cum

160 3521 311 3585 fratribus
331 3523 384 3585 vei
408 3525 571 3588 sororibus
594 3526 751 3608 germanis
774 3524 925 3601 defuncti,
948 3525 1021 3587 item
1044 3523 1173 3585 fratrum
1194 3522 1358 3584 vefsoro-

159 3639 228 3684 rum
250 3623 537 3703 praedcfunctorum
559 3625 615 3687 filii
637 3625 783 3706 filiaeque,
807 3627 839 3688 in
862 3621 955 3689 tcr'tio
977 3625 1088 3690 ordine
1112 3623 1226 3686 fratres
1250 3628 1282 3686 et
1301 3638 1359 3685 sc-

163 3793 361 3810 ——-—-

195 3920 223 3990 1)
242 3923 266 3984 6.
287 3923 312 3978 6.
328 3925 350 3976 Ι.
367 3923 394 3987 3,
413 3925 429 3977 2
446 3923 495 3988 (dc
513 3926 565 3992 leg.
585 3941 648 3992 agra
665 3923 801 3992 success).
818 3928 851 3978 fr.
869 3925 894 3978 8.
914 3926 937 3987 6.
956 3925 981 3978 1.
1000 3929 1031 3978 fr.
1051 3925 1075 3980 2.
1093 3922 1150 3990 §.m
1169 3924 1195 3977 6.
1214 3927 1247 3976 D.
1261 3924 1305 3990 38,
1324 3924 1357 3977 16

159 3991 207 4061 (dc
226 3997 279 4048 suis
298 4001 325 4048 at
344 3994 437 4061 legit).
455 3999 487 4048 fr.
505 3995 531 4048 4.
553 3999 586 4048 D.
605 3995 650 4061 38,
667 3995 684 4050 7
703 3994 786 4064 (unde
803 3996 934 4064 legitimi).
952 4001 984 4050 fr.
997 3993 1022 4048 7.
1039 4015 1079 4065 pr.
1097 4000 1131 4050 D.
1149 3993 1194 4060 38,
1214 3995 1231 4048 6
1249 3993 1283 4062 (si
1300 3999 1356 4048 tsb.

158 4073 219 4120 test.
238 4083 293 4118 non
314 4061 441 4133 exstem).
462 4066 485 4127 6.
505 4063 530 4118 7.
549 4069 569 4120 Ι.
588 4065 614 4132 3,
633 4068 649 4120 1
669 4067 718 4132 (tit
742 4069 805 4135 cit).

193 4135 222 4202 2)
240 4139 272 4190 In
290 4139 381 4190 heora
390 4139 550 4194 Iustinisuus
559 4145 615 4192 tam
624 4142 667 4193 ius
678 4142 849 4208 civile·qusm
859 4141 1008 4206 praetorium
1022 4140 1139 4190 imitatus
1151 4143 1199 4190 est.
1217 4141 1264 4192 cfr.
1288 4141 1319 4192 fr.
1331 4137 1355 4189 1.

158 4210 182 4271 β.
201 4209 226 4262 9.
246 4211 278 4260 fr.
299 4210 332 4332 2ξι
342 4209 366 4347 >f
384 4209 409 4262 9.
430 4207 472 4262 10.
492 4211 534 4264 19.
552 4209 595 4265 20.
613 4213 647 4263 D.
666 4210 710 4276 38,
728 4211 762 4264 16
780 4212 828 4274 (de
847 4212 901 4265 suis
919 4217 946 4266 et
961 4207 1053 4278 legit).
1074 4227 1097 4262 c.
1116 4207 1140 4260 6.
1161 4210 1190 4262 O.
1211 4208 1228 4260 6
1257 4205 1292 4262 68
1311 4207 1357 4278 (da

156 4282 230 4348 legit.
249 4283 312 4334 herc
334 4319 360 4332 ..

192 4350 222 4418 6)
241 4351 265 4413 ὃ.
285 4348 311 4404 7.
327 4355 349 4405 1.
368 4351 393 4404 3.
412 4349 429 4404 2
448 4348 495 4418 (ds
513 4367 574 4419 agn.
594 4350 728 4416 success).

192 4419 223 4486 4)
245 4425 312 4477 Nor.
331 4421 391 4476 118.
410 4439 433 4474 c.
453 4422 477 4474 1.
496 4421 521 4474 2.
541 4421 566 4476 3.
584 4424 612 4474 in
628 4425 647 4474 t.
684 4424 755 4476 Male
773 4421 895 4478 hodierni
913 4422 1027 4478 heredes
1045 4425 1073 4476 iu
1092 4423 1196 4491 capita,
1214 4424 1242 4474 in
1261 4424 1357 4488 lineas,

157 4495 201 4548 rel
219 4497 248 4547 in
265 4497 359 4563 stirpes
377 4494 519 4548 emesam
542 4493 642 4546 dicunt.
