3098 4966
531 352 730 391 institurum!
749 351 823 390 tun
842 351 946 390 ΙθΙΑΙΙ
967 351 1086 393 ΙΙΙῚΑῊ,

736 495 820 558 cn.
834 495 879 556 rr.
898 545 907 562 .

652 675 714 740 oa
736 673 931 742 nonnuo
945 676 983 759 ι).

219 872 286 950 m·
305 872 327 922 Ι.
363 868 508 922 DOMINll
526 865 584 918 vls
603 864 725 926 ATQUE
744 864 889 918 NATURA
909 864 986 914 TAM
1007 864 1057 914 EX
1080 862 1166 914 IURE
1191 864 1426 918 ROMANORUM
1523 897 1524 942 3

548 954 775 1015 RECENTIORI,
797 952 900 1014 QUAM
920 951 1091 1013 ANTIQUO.

262 1083 376 1166 §.30st
420 1079 655 1153 Plenissimunr,
680 1076 763 1156 quod
786 1078 818 1139 in
840 1076 946 1155 aliqua
970 1093 1005 1136 re
1028 1077 1078 1138 ius
1102 1076 1221 1138 lrabere
1243 1093 1426 1157 possumus,

219 1186 390 1250 dominium
413 1186 563 1254 vocatur⁹
600 1179 690 1240 cuius
713 1180 800 1239 vict
826 1183 982 1257 potestate
1012 1195 1065 1239 res
1095 1178 1267 1257 corporalis
1290 1179 1427 1258 irnperio

218 1290 331 1350 metro
354 1288 389 1344 et
408 1280 563 1344 voluntati
584 1278 761 1341 omnimodo
780 1278 922 1340 subiecta
945 1284 1005 1352 est,
1029 1283 1064 1338 ut
1084 1277 1184 1340 libera
1208 1278 1298 1340 nobis
1321 1280 1364 1340 sit
1385 1278 1427 1340 de

222 1404 259 1448 eo
284 1380 472 1464 disponendi
493 1379 626 1444 facultas
650 1381 695 1465 (ξ.
708 1378 804 1464 288ss
830 1395 929 1458 quare
950 1379 1147 1440 recentiores
1168 1378 1337 1440 doniniarn
1358 1397 1426 1440 non

219 1487 294 1551 rar'o
318 1485 368 1546 ius
388 1499 465 1544 usus
486 1486 582 1558 atque
604 1479 720 1553 abusus
743 1479 791 1540 rei
815 1478 976 1540 cuiusdam
1000 1478 1162 1540 deliniunt.

262 1583 379 1665 §.elo
424 1580 530 1645 Potest
542 1583 646 1642 autem
659 1576 829 1643 dorniniurn
853 1579 885 1639 in
908 1577 1126 1657 corporalibus
1149 1582 1267 1640 tantum
1281 1581 1378 1640 rebus
1394 1580 1424 1666 ²)

223 1685 420 1756 consistere,
454 1697 554 1758 eaque
577 1683 775 1754 orinatum,
803 1684 857 1753 ut,
883 1677 958 1740 licet
979 1678 1105 1760 legibus
1129 1695 1225 1741 onera
1247 1683 1279 1740 in
1300 1697 1338 1740 re
1359 1681 1428 1742 sint

223 1784 405 1857 constituta,
431 1779 483 1841 vel
504 1781 572 1842 iura
585 1781 616 1840 in
629 1778 737 1840 eadem
749 1784 900 1840 extraneo
914 1797 1078 1855 concessa,
1096 1778 1180 1840 illud
1196 1785 1297 1842 tannen
1310 1780 1428 1842 adesse
1524 1851 1525 1858 ¹

219 1883 432 1966 intelligatur,
459 1879 608 1960 quamdiu
629 1879 681 1940 vel
692 1879 774 1940 nuda
795 1902 977 1950 raornrarns
1002 1881 1141 1960 supersit
1155 1881 1208 1966 Β),
1221 1899 1261 1942 ex
1283 1898 1345 1960 qua
1362 1881 1427 1942 do-

220 1987 324 2050 minus
347 2001 414 2056 rern
438 2003 520 2044 suaa
543 1979 648 2043 dicere
670 1984 779 2059 possit.
823 1979 888 2041 llac
913 1980 952 2042 de
973 1982 1114 2056 ratione,
1138 1982 1283 2060 quoniam
1307 1983 1428 2084 sepius

222 2085 391 2154 dominium
414 2084 484 2145 iure
506 2086 728 2145 extraneorum
743 2085 934 2166 coarctatum
949 2087 1010 2156 est,
1034 2081 1180 2142 hodierni
1201 2081 1280 2144 illud
1301 2083 1333 2142 in
1355 2081 1429 2161 plc-

226 2205 297 2260 mun
320 2183 374 2248 rel
400 2184 502 2247 minus
531 2183 654 2260 plenum
683 2198 741 2242 seu
765 2181 926 2242 limitatam
955 2187 987 2242 et
1014 2187 1169 2261 quatenus
1194 2181 1309 2262 elapso
1336 2190 1429 2246 certo
1525 2171 1526 2176 ἵ

223 2296 365 2367 ternpore
389 2284 495 2351 finitur
518 2283 570 2346 vel
584 2301 658 2362 non,
681 2283 712 2344 in
736 2280 911 2344 revocabile
929 2288 962 2344 et
982 2280 1188 2344 irrevocabile
1200 2281 1428 2344 distinxerunt.

221 2387 357 2462 Dorcipii
379 2384 491 2446 directi
513 2390 545 2444 et
564 2383 648 2446 utilis
671 2383 829 2446 distinctio
850 2385 1061 2448 iurironrano
1084 2399 1217 2462 prorsus
1237 2383 1342 2446 aliena
1365 2390 1427 2444 est.

262 2493 292 2570 §-
304 2488 376 2552 311.
415 2485 485 2546 lura
507 2485 623 2546 donnini
646 2489 699 2546 aut
728 2486 759 2546 in
789 2485 857 2564 ipsa
879 2503 915 2546 re
944 2488 1120 2546 consistunt
1143 2485 1233 2546 velut
1255 2487 1304 2547 ias
1327 2485 1428 2547 dere

220 2586 407 2670 disponendi
437 2603 496 2648 seu
524 2585 729 2654 substantiam
748 2586 831 2652 ‚eius
869 2585 1009 2650 mutandi
1042 2591 1074 2646 et
1102 2587 1152 2648 ius
1179 2604 1218 2649 ea
1254 2585 1365 2648 utendi
1394 2592 1428 2646 et

224 2687 362 2762 fruendi,
382 2693 437 2748 aut
458 2684 505 2747 illi
526 2685 682 2751 adversus
707 2685 792 2764 ntia
808 2686 892 2752 circa
914 2703 980 2748 rem
1003 2691 1193 2765 competunt,
1215 2691 1252 2747 ut
1272 2689 1323 2748 ius
1344 2703 1426 2766 pos-

185 2877 190 2884 !
221 2788 357 2863 sucendi,
383 2786 670 2867 prohibendi‚i..e.
693 2793 827 2850 ceteros
849 2803 959 2852 ornnes
980 2787 1020 2848 ab
1046 2789 1116 2857 eius
1139 2789 1345 2867 possessione
1367 2803 1426 2846 re·
1526 2791 1527 2870 ζ

222 2887 374 2969 pellendi,
398 2903 554 2967 usumque
566 2888 617 2948 rei
628 2887 667 2948 iis
687 2886 907 2964 interdicendi,
930 2893 962 2950 et
983 2889 1130 2966 equoris
1153 2906 1222 2950 earn
1242 2885 1425 2950 vindicandi
1526 2875 1527 2894 ¹

218 2994 379 3070 potestas..
412 2987 568 3064 Ppaeterea
589 2988 723 3057 dominis
745 3005 813 3050 rern
832 2986 1046 3052 alienarevel
1067 2993 1161 3050 totrrm
1183 2985 1235 3048 vel
1252 3004 1311 3068 pno
1332 2992 1425 3067 parte

220 3091 306 3166 licet,
328 3094 381 3151 aut
403 3107 470 3149 eam
486 3087 720 3167 derelinquere,
743 3106 840 3150 onera
861 3089 890 3176 ei
912 3088 1074 3167 imponere
1096 3093 1128 3150 et
1151 3089 1218 3150 iure
1234 3089 1273 3162 in
1290 3106 1330 3150 ee
1349 3086 1423 3148 aliis

221 3192 415 3252 constituere
425 3188 466 3275 ⁴).
509 3188 610 3251 Morte
633 3188 751 3250 domini
776 3189 825 3248 ius
850 3189 918 3248 eius
942 3205 1004 3250 non
1029 3189 1226 3270 extinguitur
1249 3188 1306 3250 sed
1329 3187 1427 3267 quale

218 3289 301 3372 apud
323 3307 394 3353 cunr
418 3294 497 3365 erat,
523 3289 561 3351 ad
584 3288 719 3351 heredes
743 3288 946 3371 eiustransit.
990 3287 1088 3351 Omne
1101 3288 1271 3352 dominium
1288 3287 1427 3350 liberum

220 3408 292 3453 esse
316 3389 533 3472 presumitur,
566 3405 664 3468 quare
693 3407 785 3450 nerno
809 3387 938 3467 aliquod
968 3389 1019 3449 ins
1049 3389 1081 3450 in
1109 3405 1145 3450 re
1174 3393 1282 3452 nostra
1304 3388 1426 3452 habere

221 3495 342 3572 potest,
374 3493 435 3552 nisi
455 3491 666 3573 probaverit,
701 3507 771 3550 eum
800 3487 880 3550 illud
910 3487 1051 3570 legitimo
1083 3488 1191 3552 rncdo·
1210 3489 1427 3572 acquisivisse

222 3590 395 3675 (§.1124.).
417 3591 527 3671 quue
549 3591 688 3652 extincto
710 3591 780 3669 ipso
803 3590 873 3650 iure
897 3590 944 3651 rei
958 3589 1087 3651 libertas
1108 3591 1276 3652 reviviscit
1294 3595 1329 3650 et
1349 3587 1427 3668 ple-

221 3692 349 3754 nissima
372 3691 487 3754 domini
510 3693 542 3752 in
565 3709 601 3752 re
632 3681 688 3752 sua
709 3695 860 3770 potestas.
1099 3679 1101 3686 ’

257 3861 284 3926 1)
304 3866 337 3913 D.
356 3863 382 3924 (i,
402 3864 427 3914 1.
450 3864 478 3914 O.
497 3861 513 3914 3
540 3861 574 3914 32
593 3863 639 3929 (de
657 3865 694 3915 rei
713 3861 912 3932 vindicatione).
930 3863 975 3928 41,
995 3862 1008 3915 1
1030 3863 1075 3932 (de
1094 3867 1193 3935 acquir.
1212 3881 1262 3919 rer.
1283 3861 1425 3929 dominio).

222 3936 243 3985 1.
264 3929 459 4005 2,1,(uerar.
479 3935 554 3985 divis.
572 3940 598 3985 et
617 3935 652 3985 de
671 3937 769 4002 acquir.
788 3953 836 3988 rer.
858 3933 995 4000 dominio).
1073 3936 1080 3952 ‘

256 4002 283 4070 2)
303 4005 346 4054 Fr.
364 4001 389 4054 4.
407 4022 446 4070 pr.
465 4006 499 4054 D.
513 4004 555 4068 10,
573 4004 590 4056 3
610 4004 756 4072 (communi
777 4004 946 4071 dividundo).
969 4007 1071 4058 Latiori
1089 4009 1170 4059 sensu
1189 4009 1269 4059 etiam
1288 4007 1425 4058 ususfruc-

220 4082 263 4128 tus
282 4075 426 4126 dominium
451 4077 545 4144 uliquis
559 4078 660 4129 habere
678 4078 787 4140 dicitur,
814 4079 899 4130 veluti
916 4080 943 4128 in
958 4079 990 4129 ir.
1007 4075 1034 4129 3.
1051 4079 1085 4130 D.
1105 4077 1131 4142 7,
1149 4077 1166 4130 6
1185 4077 1219 4145 (ei
1236 4081 1332 4130 ususir.
1349 4082 1425 4142 pete-

220 4143 281 4210 tur).
302 4146 355 4197 cir.
375 4150 401 4196 ct
420 4148 451 4197 ir.
470 4145 495 4198 8.
515 4166 553 4214 pr.
574 4150 607 4200 D.
623 4147 667 4211 49,
686 4148 703 4200 5
721 4147 767 4213 (de
785 4151 841 4199 reb.
863 4155 933 4200 auct.
953 4146 1071 4214 iudicis).

256 4215 284 4283 3)
303 4217 333 4267 F.
350 4215 376 4269 4.
394 4219 427 4266 D.
446 4216 490 4281 23,
508 4219 525 4270 3
543 4217 591 4283 (de
608 4221 666 4270 iure
685 4216 810 4284 dotium).¹
831 4217 915 4272 retii.
935 4238 973 4286 pr.
992 4223 1026 4270 D.
1037 4218 1079 4285 50,
1098 4221 1133 4273 16
1152 4219 1199 4287 (de
1216 4221 1291 4274 uorb.
1313 4216 1423 4286 signifi).

220 4289 350 4340 Dominus
368 4289 417 4349 rei,
436 4291 512 4342 cuius
530 4294 696 4342 ususfructus
715 4291 819 4342 alienus
840 4296 887 4356 opt,
905 4293 1097 4358 proprietarius
1115 4295 1132 4344 i.
1144 4310 1168 4345 e.
1186 4293 1355 4362 proprietatis
1375 4291 1424 4341 dc-

221 4361 308 4410 minus
331 4360 432 4410 dicitur.
450 4363 469 4410 f.
487 4358 531 4413 49.
551 4363 584 4412 Ι).
601 4359 645 4424 41,
665 4362 679 4413 1
703 4360 749 4427 (de
770 4377 847 4429 aequ.
866 4378 916 4413 rer.
940 4359 1030 4428 dcm.).

255 4427 284 4496 4)
303 4429 327 4491 ἓ.
347 4429 389 4482 12.
411 4431 432 4480 1.
451 4432 477 4480 ιι.
495 4438 514 4483 t.
534 4430 572 4495 (2,
593 4429 629 4497 1).
656 4434 687 4483 fr.
705 4430 747 4484 16.
772 4435 805 4483 D.
825 4429 850 4495 8,
867 4431 884 4484 3
904 4431 951 4499 (de
971 4449 1039 4485 serv.
1058 4435 1139 4500 praed.
1158 4433 1242 4500 rust).
1270 4438 1301 4486 ir.
1319 4430 1363 4484 23.
1383 4449 1423 4497 pr.

221 4500 290 4564 126,
309 4501 323 4554 1
346 4497 492 4569 (ceno).
522 4503 564 4553 De
584 4504 621 4554 rei
638 4503 819 4556 vindicatione
836 4506 865 4555 in
884 4510 979 4572 quarto
1000 4507 1082 4570 huina
1100 4507 1186 4572 operis
1205 4507 1274 4558 libro
1293 4505 1423 4556 dicemus.
