3098 4966
206 281 258 336 138
288 271 299 314 ‘
367 273 373 282 ’
528 290 729 330 insitionum
748 289 822 328 tuiti!
843 289 946 328 Romi
966 288 1086 331 ΡΙΙΠΑΠ.

204 423 371 505 emptionis
396 423 449 486 vei
476 423 656 488 donationis
685 441 740 486 res
767 424 879 488 tradita
909 425 1018 511 att),
1051 425 1084 486 in
1112 437 1178 484 ren
1205 417 1405 501 singularem

205 523 396 599 succedunt3
420 525 482 587 nisi
507 524 589 588 sorte
611 524 771 588 hereditas
791 524 843 588 vei
866 543 939 607 pars
960 525 1146 589 hereditatis
1167 519 1404 602 perfideicom·

205 626 333 690 missurn
361 624 481 688 relicto
503 632 535 688 et
556 625 819 690 restitutesint:
853 641 917 706 qno
940 627 974 688 in
997 641 1075 689 casn
1097 620 1406 686 fideicommissarins
1526 641 1527 644 ¹

205 723 300 788 heres
321 724 434 790 adesse
456 725 623 814 dieiturt).

247 825 397 915 Sequitur
425 826 614 911 legatarium
639 833 784 906 etcum,
811 829 940 891 coires
967 825 1139 909 singularis
1163 841 1221 906 per
1242 822 1407 886 fideicom-

204 929 334 994 missum
356 927 468 992 relicta
491 933 553 1004 est,
576 926 716 992 defuncti
738 943 905 1008 personum
923 944 988 990 non
1009 927 1183 1002 sustinere,
1204 929 1237 989 et
1258 923 1408 989 ideone·

204 1045 266 1109 que
289 1027 448 1092 debitores
471 1029 654 1106 convenire,
680 1046 739 1091 nec
760 1047 777 1091 e
801 1027 1014 1092 creditoribus
1035 1025 1199 1090 conveniri
1222 1040 1328 1107 posse.

420 1217 488 1306 Τ1Τ.
508 1218 543 1270 11.
578 1218 627 1270 DE
647 1217 825 1272 BONORUM
843 1214 1146 1272 rossussmrtffltis
1161 1210 1192 1279 ⁸).

245 1353 276 1431 ξ.
288 1347 363 1414 486.
407 1347 483 1411 cum
505 1350 556 1410 ius
576 1347 768 1411 succedendi
781 1348 989 1412 Romanorum
1011 1367 1029 1411 a
1051 1347 1175 1414 nemine
1198 1355 1286 1414 recte
1309 1346 1410 1411 intei-
1528 1363 1529 1392 ι

208 1451 266 1534 ligi
296 1451 414 1531 possit,
444 1452 515 1513 sine
541 1451 738 1512 accuratiore
767 1451 876 1512 notitia
906 1449 1060 1513 bonorum
1084 1451 1316 1532 possessionis,
1346 1449 1410 1512 hoc

208 1551 281 1616 loco
304 1551 406 1614 statim
430 1551 470 1614 de
493 1553 550 1614 hac
573 1551 653 1613 iuris
674 1550 812 1632 pretorii
835 1555 924 1631 parte
947 1549 1175 1632 dispiciendum
1198 1555 1257 1613 est.

248 1649 406 1716 Bonorum
428 1654 661 1734 possessionem
673 1657 800 1714 veteres
822 1651 883 1731 ipsi
896 1649 1049 1714 definiunt
1062 1653 1111 1712 ius
1126 1647 1341 1732 persequendi
1356 1647 1411 1711 voi

210 1752 368 1816 retinendi
382 1754 573 1834 patrimonii,
597 1755 666 1816 sive
687 1753 746 1830 rei,
771 1753 1112 1832 proceresquedum
1133 1754 1277 1840 moritur,
1298 1746 1408 1832 iniit).

208 1850 274 1914 Hoc
295 1853 344 1914 ius
369 1853 583 1916 aPraetoribus
604 1853 814 1916 introductum
835 1858 893 1929 est,
920 1858 981 1916 tarn
1004 1851 1206 1914 confirmandi
1229 1865 1320 1931 quam
1332 1863 1413 1929 sup·
1530 1915 1531 1936 ,

210 1952 319 2035 piendi
335 1959 368 2016 et
384 1955 571 2019 emendendi
588 1955 669 2016 iuris
683 1955 785 2018 civilis
810 1955 921 2037 gretia.
948 1952 1040 2016 initio
1064 1955 1122 2016 i.e.
1137 1952 1298 2016 Ciceronis
1321 1955 1413 2012 etate
1530 1939 1531 1952 ³

208 2054 363 2118 bonorum
388 2058 552 2136 possessio
564 2055 593 2140 ⁶)
617 2054 661 2116 nii
685 2053 771 2116 niiud
794 2053 894 2118 fuisse
916 2054 1042 2117 videtur
1063 2055 1124 2116 nisi
1146 2054 1305 2129 auxilium,
1327 2048 1413 2131 qnod

207 2155 326 2218 Pretor
356 2155 480 2220 decreto
512 2155 681 2218 heredibus
714 2153 766 2216 vel
792 2155 854 2235 rpui
884 2171 920 2218 se
950 2154 1086 2221 heredes
1115 2171 1189 2216 esse
1227 2152 1410 2227 credebant,

208 2257 370 2338 prestitit,
402 2262 437 2318 ut
466 2256 506 2318 ad
537 2255 722 2320 hereditatis
756 2257 992 2336 possessionem
1023 2255 1164 2328 celerius
1194 2253 1410 2335 pervenirent.

209 2355 292 2420 iliud
312 2357 444 2420 maxinm
466 2358 681 2420 necessarium
709 2363 787 2432 erat,
818 2373 887 2418 curn
913 2357 945 2418 in
973 2355 1028 2418 lite
1050 2356 1090 2418 de
1117 2354 1292 2420 hereditate
1320 2351 1412 2416 alteri

210 2457 399 2540 litigantium
416 2457 663 2535 vindiciaeerant
679 2457 788 2519 dandae
810 2458 830 2519 i.
842 2475 870 2518 e.
887 2474 957 2518 curn
972 2457 1053 2520 aiter
1065 2474 1176 2520 eorum
1189 2457 1313 2520 interim
1334 2469 1412 2534 pos-

212 2574 321 2622 sessor
353 2561 422 2618 erat
451 2557 691 2620 constituendus
704 2558 744 2643 ⁶).
804 2555 878 2620 Erat
907 2557 1005 2640 igitur
1028 2557 1095 2620 haee
1115 2557 1331 2636 antiquissima
1352 2553 1413 2616 bo-

214 2675 327 2722 norum
350 2659 512 2738 possessio
535 2659 614 2720 iuris
638 2657 741 2722 civilis
761 2657 932 2722 adiuvandi
954 2657 1006 2720 vel
1029 2656 1232 2720 confirmandi
1253 2655 1412 2718 caussin-

214 2758 378 2834 troducte,
401 2757 577 2834 cumillis,
608 2761 662 2838 qui
684 2765 771 2822 recte
793 2759 876 2822 fecto
900 2764 1086 2822 testamento
1114 2756 1250 2820 heredes
1279 2754 1412 2820 instituti

212 2865 312 2936 erant,
334 2858 501 2920 secundum
521 2857 642 2920 tobeias
663 2859 802 2937 daretur,
823 2861 896 2922 item
916 2861 985 2921 iure
1009 2858 1096 2921 civili
1116 2858 1154 2920 ab
1177 2857 1326 2920 intestato
1348 2855 1409 2916 he·

215 2958 346 3022 nedibus
359 2957 398 3043 ⁷).

257 3059 460 3124 Conantem
484 3041 568 3143 saep'e
592 3063 746 3139 eveniret,
768 3067 802 3124 nt
827 3060 935 3123 nuilus
961 3061 1032 3122 iure
1060 3057 1147 3122 civili
1169 3057 1297 3122 adesset
1318 3056 1411 3118 heres

213 3158 312 3222 veluti
336 3162 499 3244 peregrini
522 3161 574 3224 vel
596 3163 666 3224 sine
688 3163 811 3246 agnatis
835 3162 977 3225 defuncti
998 3162 1096 3237 civis,
1116 3165 1150 3224 et
1172 3159 1412 3240 quibuscunque

213 3261 399 3341 permissum
412 3267 507 3338 esset,
530 3262 738 3325 hereditarios
759 3281 811 3340 res
832 3281 988 3343 occupare
1004 3268 1036 3324 ot
1051 3277 1226 3341 usucapere
1238 3258 1275 3344 ⁸),
1298 3257 1413 3319 Pretor
1532 3287 1533 3292 κ

213 3361 380 3442 supplendi
396 3364 474 3425 iuris
490 3364 593 3427 civilis
609 3365 709 3447 gratie
722 3383 775 3426 eas
792 3382 943 3445 personas
960 3363 998 3426 ud
1014 3363 1167 3426 bonorum
1179 3358 1412 3442 possessionem

216 3485 413 3495 ----——-.

214 3534 476 3674 (dpilllirrgissafidss.
495 3535 538 3592 29.
556 3537 590 3588 D.
606 3535 651 3601 44,
670 3535 688 3589 4
708 3534 755 3604 (de
775 3537 830 3590 doit
849 3538 913 3589 maii
932 3541 959 3588 et
976 3540 1038 3588 met.
1056 3532 1182 3601 except).
1203 3531 1269 3586 ind.
1288 3532 1322 3582 D.
1342 3526 1411 3594 122

249 3677 340 3764 aim.
361 3647 486 3770 133in'r.
506 3681 537 3732 n.
560 3673 674 3730 14-16.
694 3679 728 3729 n.
746 3676 820 3742 ec,1
840 3677 902 3743 (sc.
920 3674 1058 3742 rreum).
1075 3679 1114 3728 n..
1126 3672 1168 3727 ιι.
1188 3673 1211 3734 s.
1232 3675 1257 3727 1.
1275 3675 1309 3725 o.
1331 3669 1412 3735 1o,2

214 3749 486 3889 (‘⁸3”)³¹¹1'>.h⁰3‘⁷⁰,²⁸i')m
496 3818 536 3886 ι).
555 3821 576 3871 1.
595 3817 621 3883 3,
641 3819 666 3873 9.
687 3819 746 3872 oar.
764 3822 827 3873 ress
847 3819 888 3872 11.
908 3818 930 3880 e.
947 3816 1062 3872 25-41.
1079 3818 1143 3886 unp,
1165 3815 1331 3868 emur.
1350 3815 1413 3867 nro·

211 3896 364 3960 gratissime
388 3897 431 3947 ius
451 3895 514 3946 bon.
539 3907 609 3960 poss.
632 3893 742 3960 exponit
759 3893 884 3956 Heluius,
916 3891 943 3944 in
969 3894 1030 3945 trin
1057 3895 1110 3946 tur.
1134 3903 1202 3945 sort.
1228 3889 1412 3940 &momentis

215 3964 254 4026 δὲ.
274 3963 425 4020 352-384.
441 3971 468 4018 et
485 3961 634 4017 714-720.
744 4013 746 4026 ,

249 4036 281 4104 4)
300 4035 362 4104 Uip.
381 4038 410 4089 in
427 4039 458 4088 fr.
479 4034 504 4087 2.
524 4041 552 4088 et
567 4034 592 4088 3.
610 4037 644 4086 D.
664 4036 690 4087 h.
710 4039 730 4085 t.

249 4106 277 4174 5)
298 4110 340 4160 De
361 4110 461 4175 origine
480 4111 610 4160 bonorum
628 4105 804 4175 possessionis
821 4105 966 4156 novissime
983 4105 1095 4157 mulium
1105 4103 1272 4170 depositum
1292 4105 1341 4154 set.
1363 4101 1414 4152 Vs·

213 4181 267 4232 rior
283 4180 362 4232 nobis
382 4181 490 4232 ridetur
512 4180 685 4247 Vonqsrowa'r'
700 4178 833 4244 expositio
850 4176 878 4228 in
895 4176 951 4228 eius
968 4174 1111 4229 Ledrttwit
1127 4175 1161 4226 11.
1180 4171 1278 4234 seed.
1315 4173 1415 4225 Montio

206 4225 536 4376 insternunt
549 4249 891 4390 tintinnum
902 4243 1335 4372 studueritis
1349 4244 1417 4366 in

138 4433 158 4464 “
213 4396 278 4531 ¹¹¹3)
298 4395 358 4520 gg.
377 4391 485 4519 iulio.
506 4459 548 4518 ιι.
647 4459 890 4530 menneo
990 4459 1020 4528 o)
1040 4459 1100 4515 on
1118 4459 1152 4511 n.
1182 4455 1222 4521 ss
1240 4455 1356 4512 ιιι-56.
