3064 4966
215 317 268 372 206
538 325 741 366 rnsrrrnrrous
762 325 838 364 ιυιιι
854 325 960 366 toust
976 327 1097 366 murt.

215 457 264 517 rei
286 455 400 536 legate
420 454 566 516 interitu:
597 455 625 517 si
648 453 774 534 quidem
802 471 855 518 res
878 456 948 520 sine
977 456 1060 520 tacto
1085 455 1213 520 heredis
1241 457 1374 537 perierit
1386 457 1416 542 ²)

171 570 178 578 ·
213 575 272 619 neo
294 561 358 618 torn
379 557 428 618 rei
450 557 624 618 interemte
644 557 806 620 estimatio
830 555 985 632 debetor3
1018 558 1110 622 immo
1131 576 1191 620 neo
1213 557 1418 620 accessiones

217 657 343 738 quidem
364 655 549 737 praestnnde
571 661 655 733 sunt,
677 658 705 720 si
722 658 892 721 antediem
908 657 1072 722 cedentem
1088 675 1142 722 res
1159 659 1228 738 ipso
1244 659 1364 720 interiit
1374 657 1416 744 ²).

257 760 288 840 §-
302 757 373 820 721.
417 757 563 838 Denique
584 764 616 820 et
636 765 671 820 ot
686 758 824 840 indignis
845 757 949 840 legata
972 757 1170 835 auferuntur,
1192 765 1225 820 et
1245 775 1309 820 non
1326 763 1417 822 redte

89 918 94 929 ‚
210 860 321 921 reliotn
341 877 476 940 pronon
493 861 621 940 seriptis
637 859 844 947 haherent),
869 859 968 922 veluti
989 861 1092 941 turpis
1114 861 1228 942 tegata,
1253 873 1324 939 qun
1345 877 1416 922 ms-

213 962 264 1042 gis
295 960 464 1022 denotandi
493 959 639 1042 legatarii
669 961 771 1043 grstia
806 961 989 1023 scribuntur
1022 961 1096 1024 odio
1126 961 1287 1024 testatoris
1299 961 1329 1046 ⁴)
1361 959 1414 1022 vel

212 1063 335 1144 quein
359 1079 425 1124 eom
448 1079 573 1124 oensem
597 1066 829 1141 pervenerunt,
853 1080 870 1123 a
892 1077 952 1142 que
973 1062 1115 1142 incipere
1140 1079 1202 1124 non
1225 1060 1415 1146 possuntt),

210 1165 263 1227 vel
282 1165 309 1226 si
332 1165 403 1244 quis
427 1165 495 1244 ipse
517 1162 578 1224 sibi
600 1163 631 1224 in
653 1168 839 1225 testamento
863 1162 1002 1245 legatum
1023 1162 1192 1243 adscripsit
1204 1161 1244 1248 6).

527 1353 594 1406 TIT.
614 1355 659 1406 vt.
695 1354 745 1404 DE
763 1353 861 1406 LEGE
879 1355 1050 1408 FALOIDIA
1066 1353 1096 1422 ²).

250 1491 280 1570 ξ.
295 1487 366 1552 722.
410 1487 596 1550 Minnuntur
614 1489 720 1572 legate
738 1488 834 1551 elicui
857 1490 966 1552 relicta
989 1507 1046 1570 per
1068 1489 1170 1571 legem
1185 1489 1365 1572 Falcidiam,
1386 1491 1413 1552 si

212 1591 306 1652 heres
328 1590 370 1651 ite
394 1594 542 1650 oneratus
565 1594 623 1664 est,
648 1595 682 1649 ιιι
708 1590 737 1650 ei
759 1595 868 1669 quarta
891 1607 963 1670 pers
989 1588 1188 1652 hereditarie
1208 1592 1414 1670 sneportio-

210 1691 260 1753 nis
285 1690 385 1752 libera
407 1707 470 1751 non
494 1691 545 1751 sit.
590 1688 680 1750 Iubet
703 1691 784 1750 enim
810 1689 881 1750 lex:
914 1707 977 1751 non
1004 1689 1076 1768 plus
1105 1707 1208 1769 qpem·
1227 1689 1413 1752 dodrantem
1525 1739 1526 1782 p

123 1795 129 1802 ‘
210 1793 306 1853 totius
329 1790 507 1870 patrimonii
530 1789 645 1872 legari,
669 1796 703 1851 nt
725 1791 850 1852 omnino
874 1790 1032 1870 quadrans
1058 1791 1185 1873 integer
1208 1791 1291 1870 apud
1313 1791 1413 1852 here-

210 1891 266 1954 des
289 1895 460 1952 remaneat
505 1889 641 1970 ideoque
666 1892 759 1953 iussit
781 1892 813 1951 in
842 1889 981 1952 savorem
1005 1893 1312 1985 testentiompquie
1339 1897 1413 1952 ente

209 2011 276 2055 eanr
300 1990 447 2067 heredes,
471 1992 498 2053 si
519 1991 636 2073 legatis
659 1992 786 2052 nimium
809 1992 933 2054 onerati
955 1997 1073 2069 essent,
1097 2010 1154 2072 pro
1172 1992 1258 2054 nnllo
1279 1993 1332 2052 vet
1350 1993 1413 2052 rni-

208 2091 292 2153 nimo
315 2089 405 2152 luero
428 2090 634 2152 hereditatem
657 2090 745 2152 odire
767 2091 957 2154 recusabant
969 2092 1009 2178 8).

252 2193 282 2273 ξ.
297 2191 368 2255 723.
412 2193 495 2254 Ante
517 2191 597 2253 hene
620 2191 725 2274 legent
749 2191 810 2253 lete
835 2191 941 2280 erot⁹)
974 2191 1026 2252 lex
1047 2191 1158 2268 Furia,
1183 2208 1244 2271 que
1269 2191 1412 2271 exceptis

210 2291 396 2372 quibusdam
419 2293 576 2372 personis,
601 2293 724 2353 eaeteris
747 2292 819 2372 plus
842 2291 926 2354 mille
948 2292 1072 2354 essibus
1095 2292 1272 2374 legatorum
1284 2293 1412 2354 nornine

211 2394 363 2456 mortisve
386 2408 481 2456 oense
512 2409 625 2473 cepere
654 2393 842 2472 permissum
867 2410 929 2454 non
962 2397 1038 2454 eret.
1084 2392 1145 2455 Sed
1174 2393 1246 2455 hee
1266 2393 1319 2455 lex
1346 2410 1412 2454 non

208 2496 353 2577 perfecit,
378 2493 460 2574 quod
484 2493 605 2568 volnit3
637 2494 691 2572 qui
719 2495 854 2555 enimv.
879 2513 911 2576 g.
936 2495 1076 2574 quinque
1101 2492 1232 2556 millium
1255 2497 1326 2556 eris
1349 2511 1410 2574 pe-

211 2597 388 2658 trimonium
412 2593 564 2669 habebnt,
590 2599 714 2674 poteret
736 2595 876 2673 quinque
898 2593 1076 2655 hominibus
1098 2594 1234 2677 singulis
1263 2594 1411 2658 millenos

208 2713 296 2760 asses
319 2693 455 2776 legendo
479 2699 577 2754 totum
604 2693 823 2773 patrimonium
847 2711 993 2774 erogare.
1039 2691 1115 2755 ldeo
1137 2699 1247 2773 postea
1269 2693 1330 2756 lete
1360 2698 1411 2755 est

208 2797 261 2858 lex
284 2795 434 2870 Voconia,
458 2810 518 2873 qua
540 2798 664 2854 cautum
685 2798 752 2854 est:
775 2810 816 2854 ne
838 2794 888 2854 eui
904 2793 974 2873 plns
989 2793 1166 2876 legatorum
1180 2794 1304 2855 nomine
1320 2809 1410 2854 mor-

209 2895 292 2958 tisve
316 2911 409 2956 eausa
433 2911 546 2974 cepere
568 2891 690 2968 liceret,
716 2909 806 2972 quem
830 2893 965 2955 heredes
988 2897 1146 2976 caperent.
1182 2893 1229 2954 Ex
1251 2910 1312 2972 qna
1333 2892 1411 2976 lege

208 2994 301 3076 plene
325 2994 450 3073 quidem
474 2993 592 3073 aliquid
614 2993 730 3056 hebere
752 2993 888 3055 heredes
908 2993 1114 3057 videbantur:
1137 2991 1194 3055 sed
1215 2999 1317 3056 tannen
1340 2991 1410 3055 fere

209 3095 319 3156 vitium
341 3091 444 3158 simile
468 3090 675 3152 nascebatur:
705 3109 774 3153 narn
803 3093 835 3153 in
866 3091 979 3154 multas
1008 3092 1233 3174 legatoriorum
1254 3109 1411 3174 personas

209 3194 376 3260 distributo
401 3191 606 3274 patrimonio,
640 3197 764 3274 poterat
794 3191 874 3254 odeo
902 3192 1015 3254 herodi
1041 3194 1197 3256 minimum
1224 3193 1410 3273 relinquere

209 3300 352 3370 testator,
378 3298 412 3354 ιιι
435 3309 497 3354 non
519 3291 683 3372 expediret
702 3291 824 3369 heredi,
849 3293 942 3354 huius
963 3291 1044 3354 lucri
1067 3273 1168 3378 ‘gretie
1192 3295 1289 3356 totins
1309 3294 1410 3356 here-

209 3397 314 3461 ditatis
337 3411 434 3456 onere
456 3393 625 3454 sustinere.

249 3500 281 3580 §-
295 3495 367 3560 724.
412 3494 502 3556 Retio
524 3499 627 3556 eutem
649 3493 733 3574 legis
747 3491 892 3556 Falcidie
907 3493 972 3556 hec
989 3499 1047 3570 est,
1069 3499 1104 3555 ut
1118 3493 1208 3558 salve
1224 3499 1256 3556 et
1270 3495 1308 3558 ab
1325 3513 1409 3558 one-

207 3597 297 3659 ribus
319 3596 417 3658 libero
438 3611 510 3656 esse
529 3594 642 3656 debeat
655 3593 766 3656 heredi
782 3601 894 3674 quarte
908 3595 1063 3657 bonorum
1077 3596 1106 3657 ei
1118 3594 1300 3658 relictorum
1313 3610 1407 3675 pnrs3

207 3696 291 3760 unde
314 3697 341 3759 si
363 3695 434 3776 plus
454 3693 601 3759 relictum
623 3700 682 3774 est,
706 3693 814 3778 legate
832 3696 1026 3774 minuuntur,
1047 3697 1080 3760 in
1101 3699 1219 3760 tontum
1241 3700 1275 3757 ιιι
1295 3697 1408 3778 quarta

243 3919 270 3986 1)
290 3921 314 3982 ἓ.
335 3919 376 3972 16.
396 3919 416 3972 Ι.
436 3919 462 3982 2,
480 3918 516 3972 20
537 3915 583 3987 (de
602 3917 719 3988 legatis).
736 3922 768 3974 fr.
787 3919 830 3972 22.
849 3919 871 3980 ξ.
891 3919 916 3974 2.
934 3921 966 3970 Ι).
989 3918 1033 3972 32.

241 3991 270 4059 2)
290 3993 313 4053 §³
332 3989 374 4046 17.
392 3992 413 4041 Ι.
431 3991 493 4044 eod.
512 3994 545 4044 ir.
564 3991 606 4050 88.
626 3991 648 4052 i.
669 3989 694 4043 2.
712 3995 745 4044 D.
764 3989 807 4044 32.
823 3993 854 4043 fr.
873 3989 917 4044 49.
941 4007 980 4058 pr.
1000 3987 1031 4042 D.
1047 3988 1090 4042 31.
1107 3989 1139 4044 fr.
1160 3983 1239 4040 1-4.
1256 3988 1288 4040 fr.
1311 3983 1355 4040 12.
1376 3981 1407 4037 D.

206 4062 250 4130 33,
269 4063 286 4116 8
305 4061 352 4127 (de
369 4063 456 4130 penul.
478 4060 552 4129 lep).
568 4065 600 4115 fr.
622 4061 647 4114 2.
664 4059 690 4114 4.
708 4081 747 4130 pr.
767 4059 798 4112 D.
818 4059 861 4125 33,
880 4060 896 4114 9
916 4059 963 4127 (de
981 4077 1055 4128 penu
1072 4057 1182 4126 legato).

240 4133 270 4202 3)
292 4136 352 4203 Dig.
372 4131 415 4198 34,
432 4131 450 4186 8
468 4132 516 4200 (do
535 4135 576 4186 his
615 4149 656 4184 use
672 4151 721 4200 pro
739 4149 794 4186 non
813 4129 935 4200 seriptis).
1035 4128 1064 4200 4)
1082 4133 1126 4184 Fr.
1145 4129 1189 4184 54.
1209 4126 1240 4180 Ι).
1261 4125 1305 4180 30.

241 4203 270 4272 5)
291 4207 334 4261 Fr·
351 4205 377 4262 3·
396 4205 420 4267 §-
440 4205 465 4257 1·
484 4204 509 4258 2.
529 4203 560 4256 D·
615 4238 623 4268 2
642 4201 669 4258 80
768 4199 796 4268 6)
816 4204 858 4256 Fr·
879 4202 903 4256 1·
925 4200 954 4254 D·
975 4203 1036 4258 eod·

240 4274 268 4344 7)
287 4279 348 4345 Dig.
368 4275 413 4340 35,
430 4275 447 4328 2
466 4273 515 4342 (sd
535 4278 623 4343 legem
642 4272 812 4340 Foloidiom).
832 4275 861 4327 O.
880 4273 906 4338 6,
924 4271 960 4326 50
978 4271 1122 4339 (doddo).
1139 4275 1163 4327 1.
1181 4269 1207 4336 2,
1224 4267 1259 4322 22
1278 4266 1327 4336 (do
1345 4269 1408 4338 loge

203 4347 300 4415 Folo).
318 4349 378 4402 Gai.
399 4348 424 4402 2.
445 4345 468 4408 3.
487 4345 548 4400 224.
567 4363 621 4415 seq.
642 4344 704 4414 Ulp.
722 4346 820 4408 XXIV,
838 4343 881 4400 32.
902 4346 978 4400 Paul.
997 4347 1044 4415 ΙΙ).
1063 4339 1089 4398 8.
1110 4345 1177 4399 Nor.
1192 4342 1216 4393 1.
1237 4357 1260 4394 o.
1278 4337 1305 4392 2.

239 4417 267 4486 8)
286 4421 369 4487 Legis
385 4419 470 4472 verbs
489 4420 604 4472 eontinet
615 4419 647 4472 fr.
668 4415 693 4472 1.
710 4433 748 4487 pr.
769 4417 803 4468 D.
821 4418 848 4470 h.
867 4421 885 4470 ι.
904 4433 943 4486 pr.
963 4418 986 4471 1.
999 4416 1062 4470 eod.
1232 4447 1236 4453 ·

239 4489 268 4558 9)
286 4491 330 4543 Ex
350 4489 410 4544 Gai.
428 4488 454 4544 2.
473 4487 513 4550 ii.
531 4485 592 4541 226.
609 4485 670 4540 226.
778 4515 788 4536 .
