3064 4966
565 324 645 362 uren
664 326 708 362 ιιι.
728 325 786 363 car.
809 311 848 364 r‘v.
1262 323 1313 376 261

104 461 283 523 iidmittitur
305 462 433 536 socius,
466 459 495 521 ci
523 463 640 520 tantum
665 461 772 522 socius
795 463 861 534 est,
891 460 946 538 qui
968 457 1110 521 admisit:
1144 479 1214 524 nam
1235 465 1316 527 sccii

105 564 167 624 mei
189 563 437 638 sociossocios
460 577 548 622 meus
571 577 633 622 non
654 565 704 620 est
717 560 756 646 ¹).

148 666 180 746 §-
193 664 265 730 915.
310 661 452 724 Solvitur
473 661 609 722 societas
634 677 674 720 ex
696 660 853 741 personis,
879 677 919 720 ex
940 659 1049 735 rebus,
1072 677 1112 721 cx
1134 660 1309 738 voluntate,

104 783 147 827 ox
167 765 314 826 actione:
337 767 492 842 preterea
513 766 666 840 tempore,
691 761 718 822 si
741 759 779 822 ad
802 765 925 840 tempus
946 766 1014 822 erat
1036 766 1195 823 contracta
1206 761 1246 847 ²).

146 870 178 947 ξ.
192 863 266 929 916.
312 862 359 923 Ex
380 863 525 942 personis
546 861 683 924 solvitur
700 863 830 923 interitu
846 878 1063 940 personarum,
1087 878 1157 941 que
1173 863 1313 925 societa-

103 971 168 1027 tem
192 966 349 1026 coierunt.
393 961 556 1023 intereunt
576 967 680 1024 autern
702 962 844 1024 homines
865 963 996 1024 maxima
1020 968 1052 1023 et
1078 961 1179 1024 media
1202 965 1312 1044 capitis

103 1065 323 1141 diminutione,
346 1069 400 1125 aut
420 1069 520 1126 morte
534 1063 579 1152 ³);
605 1069 636 1124 et
659 1062 737 1125 adeo
758 1069 859 1125 morte
882 1062 1019 1125 solvitur
1032 1065 1180 1138 societas,
1203 1071 1238 1125 ut
1253 1084 1313 1128 nec

84 1164 143 1243 ,ab
177 1165 269 1226 initio
298 1165 433 1254 pascisci
463 1165 638 1244 possimus,
670 1170 705 1224 ut
733 1163 826 1225 heres
856 1165 950 1226 etiam
976 1164 1126 1227 succedat
1157 1167 1313 1228 societati.

103 1263 168 1328 Sed
189 1266 281 1326 initio
301 1266 467 1327 conveniri
489 1271 604 1344 potest,
631 1271 666 1326 ut
687 1282 750 1326 uno
772 1267 930 1328 sociorum
953 1265 1115 1343 defuncto,
1137 1268 1220 1329 inter
1232 1267 1314 1328 reli-

102 1382 186 1447 quos
208 1366 346 1428 societas
367 1371 509 1427 maneat:
533 1383 597 1445 quo
619 1371 710 1446 pacto
730 1371 832 1428 tamen
857 1366 901 1442 lit,
925 1371 958 1426 ut
979 1372 1052 1446 post
1073 1369 1166 1428 unius
1182 1374 1313 1430 mortem

100 1484 186 1530 nova
213 1467 351 1528 societas
376 1465 519 1526 contrahi
542 1465 736 1547 videatur4).

145 1571 181 1648 §-
197 1567 270 1632 917.
314 1565 530 1628 Publicatione
546 1568 768 1629 universorum
783 1567 938 1630 honorum
951 1568 1029 1630 socii
1045 1567 1231 1630 distrahitur
1254 1587 1312 1632 so-

99 1669 213 1743 cietas,
228 1667 301 1747 quia
316 1667 354 1740 ie,
375 1667 407 1726 in
423 1666 513 1726 cuius
528 1665 632 1727 locum
649 1666 731 1727 alius
748 1666 901 1742 succedit,
913 1685 971 1747 pro
988 1673 1112 1730 mortuo
1129 1668 1309 1751 haberant).

145 1765 365 1848 A‘drogatione
389 1770 442 1826 aut
463 1768 710 1845 emancipatione
732 1769 823 1843 socii,
845 1770 982 1830 societas
997 1786 1060 1830 non
1074 1769 1260 1833 dissolvitur
1270 1771 1310 1856 6).

145 1872 178 1950 ξ.
193 1867 266 1932 918.
311 1865 359 1926 Ex
380 1865 476 1927 rebus
497 1865 633 1929 solvitur
654 1870 801 1944 societas,
824 1885 894 1930 cum
915 1886 979 1944 res,
1002 1885 1133 1949 quarum
1149 1887 1243 1932 causa
1256 1887 1313 1932 so-

100 1971 204 2032 cietas
227 1972 387 2029 contracta
410 1972 476 2043 est,
509 1968 710 2030 intereunti.
733 1989 760 2031 e.
783 1975 837 2030 aut
864 1968 961 2031 nullae
987 1970 1228 2051 relinquuntur,
1260 1979 1314 2034 aut

99 2068 318 2132 conditionem
348 2071 559 2143 mutaverunt,
583 2066 683 2129 veluti
707 2069 734 2129 si
759 2075 952 2130 consecratur
973 2069 1025 2131 vel
1048 2069 1215 2150 publicato
1239 2071 1313 2134 iue-

98 2172 167 2233 rint
179 2168 219 2255 τ).
263 2167 339 2229 lnde
360 2168 452 2230 etiam
474 2167 567 2230 honis
590 2186 606 2229 a
630 2168 841 2231 creditoribus
864 2171 957 2230 unius
979 2171 1058 2231 socii
1080 2171 1218 2232 venditis
1242 2172 1312 2234 dis-

98 2269 237 2333 trahitur
259 2271 408 2332 societas.
453 2268 514 2331 Sed
539 2274 570 2330 et
592 2268 653 2330 hoc
677 2287 770 2346 casu,
800 2271 827 2331 si
850 2270 953 2332 adhuc
976 2272 1178 2332 consentiunt
1199 2273 1230 2333 in
1254 2291 1311 2336 so-

98 2374 262 2447 cietatem,
286 2390 368 2433 nova
391 2371 518 2434 videtur
540 2373 681 2452 incipere
702 2373 839 2434 societas
852 2374 892 2458 8).

150 2477 181 2556 ξ.
194 2473 268 2537 919.
311 2473 446 2534 Actione
470 2471 655 2534 distrahitur
679 2477 834 2550 societas,
865 2490 934 2535 cum
960 2479 1013 2535 aut
1035 2471 1238 2553 stipulatione
1259 2478 1312 2534 aut
1411 2509 1418 2534 a

102 2574 224 2638 iudicio
246 2579 361 2635 mutata
383 2574 426 2634 sit
446 2590 541 2635 causa
563 2575 725 2636 societatis
737 2573 776 2660 ⁹).
844 2631 846 2636 ,

149 2678 181 2756 §.
193 2674 265 2740 920.
311 2671 478 2748 Veluniate
496 2671 682 2734 dissolvitur
698 2676 836 2736 societas
855 2675 1099 2737 renuntiatione.
1134 2673 1233 2755 ldque
1247 2693 1311 2738 non

102 2777 210 2840 solum
232 2776 260 2836 si
284 2791 391 2836 omnes
415 2773 615 2850 dissentiunt,
636 2774 693 2837 sed
716 2776 808 2837 ctiam
825 2777 853 2836 si
868 2791 950 2836 unus
965 2776 1124 2838 sociorum
1138 2776 1311 2837 renuntiet.

105 2876 231 2938 Callida
244 2869 345 2938 tannen
361 2875 412 2936 vei
429 2876 646 2955 intempestiva
661 2878 852 2939 renuntiatio
865 2876 995 2940 serenda
1005 2894 1068 2939 non
1081 2883 1131 2938 est
1142 2877 1194 2963 l⁰).
1218 2877 1314 2941 ldeo-

106 2995 172 3059 que
194 2977 313 3056 siquis
336 2975 411 3039 dolo
433 2976 514 3038 malo
538 2978 698 3038 renuntiet
719 2978 752 3038 in
766 2978 837 3054 hoc,
862 2983 894 3038 ut
911 2977 1037 3040 obvium
1051 2977 1177 3058 aliquod
1191 2979 1313 3042 lucrum

104 3077 197 3142 solus
222 3077 354 3150 haheat;
388 3075 487 3138 veluti
517 3077 544 3138 si
568 3082 702 3140 totorum
726 3079 879 3140 honorum
901 3079 1007 3140 socius
1037 3078 1109 3140 ideo
1141 3081 1312 3156 renuntiet,

105 3184 143 3242 ut
165 3177 372 3240 hereditatem
394 3176 454 3238 sihi
478 3176 610 3240 delatam
632 3178 720 3240 solus
743 3178 936 3241 lucrifaciat:
958 3181 1078 3241 socium
1097 3180 1312 3259 quidenrase,

102 3295 314 3358 nequevero
338 3295 373 3339 se
398 3297 414 3338 a
438 3279 527 3340 socio
548 3296 607 3340 suo
630 3277 760 3353 libcrat;
790 3278 926 3359 ideoque
949 3280 976 3341 si
998 3279 1143 3342 damnum
1169 3279 1312 3340 attulerit

104 3379 280 3455 hereditas,
293 3378 353 3442 hoc
371 3377 409 3440 ad
425 3396 506 3455 eum,
520 3380 573 3459 qui
587 3380 790 3454 renuntiavit,
804 3379 983 3458 pertinebit,
996 3379 1190 3441 cornmodum
1203 3384 1310 3440 autem

104 3481 337 3544 communicare
347 3485 482 3561 cogetur
501 3481 624 3542 actione
646 3497 704 3560 pro
727 3479 875 3565 socioss).
898 3479 1034 3556 Pactum,
1057 3498 1097 3540 ne
1118 3499 1135 3542 a
1158 3481 1310 3542 societate

143 3721 172 3790 1)
191 3713 235 3775 ur.
256 3722 298 3776 19.
316 3719 359 3773 20.
378 3724 411 3773 1).
429 3723 455 3774 h.
473 3728 491 3773 ι.
570 3718 598 3787 2)
619 3723 662 3773 ur.
681 3719 723 3774 65.
743 3722 766 3782 §-
785 3722 827 3776 10.
846 3725 880 3774 1).
899 3723 960 3776 coo.
980 3725 1003 3785 ς.
1022 3721 1110 3776 4.-8.
1136 3727 1155 3776 1.
1175 3727 1201 3776 h.
1220 3731 1238 3776 r.

143 3792 173 3860 3)
190 3797 233 3845 Fr.
251 3792 294 3846 63.
316 3793 464 3852 910611.
502 3791 619 3846 Solvitur
649 3795 763 3847 societas
782 3800 866 3847 morte
888 3796 966 3858 socii,
995 3797 1056 3863 quia
1082 3799 1126 3865 qui
1156 3800 1310 3850 societatem

105 3867 249 3927 contrahit,
269 3871 368 3916 certam
385 3880 527 3934 personam
547 3866 597 3917 sibi
616 3866 696 3932 eligit.
736 3867 795 3918 Gai.
816 3865 841 3918 3.
861 3867 885 3925 ἓ.
905 3863 965 3919 152,

141 3936 172 4003 4)
190 3939 213 3998 ἓ.
232 3935 257 3988 5.
277 3938 297 3988 Ι.
316 3937 343 3986 h.
362 3942 381 3987 t.
399 3939 430 3988 fr.
450 3933 493 3988 65.
513 3936 536 3996 §-
555 3937 579 3990 9.
600 3937 633 3987 Ι).
651 3938 710 3988 acd.
730 3939 792 4004 Arg.
812 3936 835 3996 ἓ.
855 3935 915 3991 153.
937 3939 996 3990 Gai.
1015 3939 1062 3989 lib.
1084 3938 1109 3992 3.

143 4007 171 4076 5)
189 4011 232 4060 Fr.
253 4006 296 4061 65.
316 4007 338 4067 ἓ.
358 4007 400 4060 12.
419 4011 453 4059 D.
474 4009 500 4058 ln.
519 4013 537 4058 t.
556 4007 578 4067 §-
600 4005 625 4058 7.
645 4009 666 4058 1.
686 4009 748 4059 eod.

142 4077 171 4146 6)
192 4081 235 4131 Fr.
254 4077 296 4132 58.
319 4075 539 4140 6211656.
561 4077 603 4130 11.
623 4081 698 4130 uh.
717 4086 735 4130 t.
773 4079 849 4132 Servi
870 4081 1075 4134 manumissione
1102 4099 1224 4152 quoque,
1251 4099 1309 4151 quas

105 4168 168 4205 oum
187 4169 219 4204 eo
238 4153 304 4204 inita
323 4147 387 4213 erat,
408 4152 522 4204 societas
541 4151 703 4203 solvebatur.
725 4153 756 4202 ir.
776 4149 819 4204 58.
839 4152 862 4212 ἓ.
881 4151 906 4204 3.
925 4154 958 4203 D.
978 4153 1040 4204 eod.

142 4220 171 4287 7)
191 4225 234 4274 Fr.
254 4221 296 4274 63.
316 4222 339 4282 ἓ.
360 4221 394 4273 10
415 4221 509 4288 (οοᾶ.)
812 4282 818 4294 .

142 4291 171 4360 8)
190 4295 233 4346 ur.
253 4291 296 4346 65.
317 4294 340 4353 §-
361 4293 386 4344 1.
405 4295 437 4344 D.
456 4295 483 4345 h.
503 4299 521 4343 t.
541 4291 564 4351 ὃ.
585 4291 610 4343 8.
629 4293 649 4343 I.
670 4293 730 4344 eod.
753 4294 812 4345 Gai.
833 4293 857 4347 3.
878 4293 916 4354 §h
936 4292 996 4348 153.
1017 4293 1077 4348 154.

143 4364 172 4432 9)
194 4367 237 4416 Fr.
254 4362 297 4416 65.
315 4383 355 4432 pr.
377 4366 409 4415 D.
429 4367 454 4417 h.
473 4371 492 4416 t.
511 4364 571 4414 Hoc
587 4363 633 4413 lite
651 4369 801 4416 contestata
820 4369 883 4419 olim
901 4369 956 4420 lieri
979 4367 1076 4421 debuit.
1097 4364 1190 4420 dact.
1211 4365 1233 4425 §-
1246 4364 1307 4417 180.

126 4433 172 4504 10)
191 4437 235 4488 Fr.
255 4433 297 4488 17.
321 4435 343 4494 ἓ.
363 4435 387 4488 2.
406 4437 437 4488 ir.
457 4434 500 4488 65.
519 4434 542 4494 ἓ.
562 4431 587 4485 5.
606 4436 640 4485 D.
658 4435 719 4486 aod.

124 4505 172 4574 11)
192 4507 216 4569 §-
234 4506 260 4560 4.
280 4509 301 4558 1.
322 4508 349 4558 h.
371 4514 389 4558 t.
407 4510 438 4559 tr.
460 4504 502 4559 65.
522 4505 545 4566 i.
563 4502 651 4558 4.-6.
671 4507 705 4558 D.
726 4505 787 4559 eod.
823 4536 831 4548 -
