3082 4976
218 329 254 388 58
535 338 736 376 rrrrrrurrosss
756 339 830 378 runis
850 337 953 378 aornar
974 339 1097 378 rarvarr.

217 477 370 548 materno,
393 470 444 532 vel
464 471 491 532 si
511 470 580 550 ipse
601 468 684 531 lilius
708 469 860 534 naturalis
884 471 979 534 luerit
993 473 1217 552 emancipatus,
1241 474 1336 538 ctiam
1356 490 1418 536 avo

217 579 361 656 paterno,
383 572 436 634 vel
458 588 578 652 proavo
599 570 693 633 simili
715 571 807 634 modo
830 577 960 653 paterno
985 571 1037 635 vel
1059 578 1199 635 materno
1214 573 1312 638 lilium
1325 590 1420 636 suum

217 675 341 740 dederit
361 675 392 736 in
414 671 631 753 adoptionem:
663 671 784 750 inboe
813 691 906 750 casu,
938 674 1010 754 quia
1038 681 1230 736 concurrunt
1260 677 1292 736 in
1324 693 1420 738 unam

217 791 383 858 personam
404 779 436 836 et
456 771 609 836 naturalia
632 778 664 836 et
685 773 862 854 adoptionis
885 775 965 851 iura,
991 779 1094 838 manet
1115 773 1228 838 stabile
1249 776 1298 838 ins
1319 775 1419 856 patris
1528 825 1529 830 ,

217 875 368 956 adoptivi,
390 880 421 936 et
443 873 578 936 naturali
592 875 720 938 vinculo
737 875 915 956 copulatum
929 882 961 938 et
977 875 1120 959 legitimo
1134 877 1311 958 adoptionis
1325 874 1420 940 modo

218 978 439 1053 constrictum,
473 981 507 1036 ut
529 981 561 1037 et
581 977 613 1038 in
636 975 780 1038 familiam
811 982 842 1038 et
870 977 902 1040 in
928 981 1082 1058 potestate
1111 976 1290 1040 huiusmodi
1319 977 1420 1056 patris

218 1079 357 1159 adoptivi
379 1078 430 1140 sit.
474 1076 624 1140 Hodierni
647 1077 726 1140 hanc
741 1071 939 1158 adoptionem
958 1078 1081 1159 plenam
1101 1085 1225 1141 vocant.
1260 1075 1422 1155 Exadop-

219 1180 284 1242 tivo
308 1183 399 1241 natus
421 1177 561 1258 adoptivi
585 1177 687 1241 locum
708 1177 880 1264 obtinet1).
1462 1239 1471 1257 Ι

260 1282 290 1362 5.
303 1278 375 1344 206.
421 1277 592 1358 Utriusque
613 1277 789 1358 adoptionis
812 1279 860 1342 vis
885 1284 917 1342 et
938 1284 1077 1360 potestas
1100 1278 1221 1343 tollitur
1240 1279 1297 1341 lilii
1318 1276 1421 1358 adop-

220 1381 275 1444 tivi
298 1379 544 1461 emancipatione
560 1380 600 1467 ²).

256 1480 422 1546 Alemina
443 1480 609 1561 adoptatus
641 1481 731 1561 quasi
760 1498 800 1542 ex
827 1499 863 1542 ea
892 1479 1096 1562 progenitus,
1126 1479 1164 1542 ad
1196 1481 1298 1544 vicem
1322 1483 1421 1542 natu-

219 1577 295 1646 ralis
319 1582 516 1664 legitimique
539 1580 594 1644 lilii
619 1581 801 1668 hebetari).

263 1685 293 1763 §-
305 1681 377 1746 207.
422 1679 498 1743 Cum
520 1682 671 1762 impubes
684 1700 741 1762 per
752 1683 901 1763 principis
914 1682 1102 1762 rescriptum
1115 1682 1299 1764 adrogatur,
1322 1695 1420 1741 causa

221 1781 347 1864 cognita
369 1780 534 1863 adrogatio
558 1781 800 1861 permittituret
822 1782 998 1861 exquiritur
1021 1798 1115 1844 causa
1139 1781 1356 1864 adrogationis
1379 1797 1420 1840 an

221 1882 354 1945 honesta
375 1882 426 1957 sit,
450 1881 659 1962 expediatque
681 1881 801 1963 pupillo
814 1881 854 1967 ⁴).
886 1881 925 1943 Et
946 1881 979 1942 lit
1000 1883 1164 1965 adrogatio
1190 1899 1259 1944 cnm
1282 1881 1420 1962 quibus-

219 1983 289 2048 dam
317 1981 565 2058 conditionibus,
596 1983 617 2044 i.
640 2002 668 2045 e.
699 1988 733 2043 ut
761 1981 966 2045 satisdatione
995 1988 1104 2044 caveat
1139 1981 1307 2063 adrogator
1341 1997 1420 2062 per-

222 2101 309 2150 sono
331 2081 464 2165 publicae
485 2083 515 2146 b.
536 2101 563 2146 e.
586 2082 752 2160 tabulario,
774 2084 802 2146 si
823 2083 904 2146 intra
927 2083 1122 2163 pubertatem
1143 2083 1280 2162 pupillus
1304 2081 1423 2144 deces-

222 2187 312 2262 serit,
334 2186 551 2248 restituturum
574 2202 610 2248 se
632 2185 713 2248 bona
734 2185 817 2264 illis,
847 2187 901 2265 qui
925 2187 952 2246 si
973 2185 1099 2266 adoptio
1123 2184 1204 2246 lacta
1231 2200 1294 2245 non
1323 2187 1422 2257 esset,

223 2287 262 2350 ad
284 2287 518 2350 successionem
544 2285 613 2348 eius
639 2287 764 2346 venturi
787 2290 904 2346 essent.
949 2285 1025 2346 ltem
1047 2302 1111 2348 non
1129 2283 1207 2346 alias
1225 2282 1424 2362 emancipare
1467 2315 1472 2324 ·

225 2403 295 2450 eum
322 2390 426 2466 potest
455 2384 641 2466 adrogator,
674 2385 736 2446 nisi
758 2401 851 2446 causa
876 2386 1001 2466 cognita
1029 2384 1144 2466 dignus
1175 2383 1424 2462 emancipatione

223 2486 340 2560 luerit3
366 2490 397 2547 et
420 2490 495 2548 tunc
519 2484 598 2547 bona
623 2485 652 2548 ei
673 2485 784 2548 reddat
794 2485 834 2569 5).
878 2484 917 2546 Et
939 2486 966 2547 si
989 2485 1088 2566 pubes
1105 2483 1218 2560 lactus,
1240 2500 1303 2546 non
1321 2499 1424 2562 expe-

223 2585 377 2650 dire-sibi
400 2588 431 2649 in
453 2590 638 2666 potestatem
661 2585 764 2667 redigi
785 2585 995 2667 adrogatoris,
1018 2585 1219 2666 probaverit,
1244 2579 1424 2644 andiendus

224 2691 302 2766 erit,
333 2691 362 2752 si
385 2687 573 2767 emancipari
602 2685 814 2772 desideretil.
857 2685 1003 2766 Denique
1034 2684 1258 2748 constitutione
1285 2681 1352 2744 divi
1377 2679 1424 2741 Pii

223 2791 349 2854 iubetur
369 2788 550 2870 adrogator,
573 2781 600 2848 si
620 2785 778 2850 decedens
799 2787 992 2867 impuberem
1018 2784 1271 2860 exheredaverit,
1295 2781 1347 2844 vel
1367 2782 1422 2842 vi-

224 2907 283 2954 vus
305 2891 375 2952 sine
398 2889 478 2951 iusta
502 2904 596 2950 causa
620 2890 873 2968 emancipaverit,
898 2893 932 2950 ut
955 2893 1069 2969 proter
1092 2887 1186 2962 bona,
1208 2901 1279 2966 qnae
1300 2883 1339 2946 ad
1361 2901 1424 2964 pa·
1527 2883 1528 2892 ’

225 2997 302 3052 trem
325 2989 506 3069 adoptivum
529 2988 705 3064 transtulit,
737 2994 768 3050 et
790 3005 924 3068 quorum
948 2987 1139 3079 commodum
1163 2987 1192 3048 ei
1214 2991 1285 3066 post
1306 2983 1423 3064 acqui-

224 3091 309 3168 sivit,
335 3094 475 3170 quartam
499 3094 616 3169 partem
638 3090 667 3150 ei
688 3088 841 3152 bonorum
863 3104 992 3150 suorum
1016 3087 1174 3168 relinquat
1186 3085 1226 3171 ⁷).

241 3297 307 3348 TIT.
318 3296 365 3348 VI.
408 3295 542 3360 QUIBUS
565 3293 677 3348 monis
695 3294 753 3348 IUS
775 3294 914 3346 bannim
934 3285 1160 3348 Pounsunms'
1174 3284 1400 3353 solimanno.

265 3429 296 3510 §-
307 3426 378 3492 208.
423 3426 482 3500 Qui
507 3428 540 3488 in
560 3427 659 3506 patria
682 3431 836 3506 potestate
850 3431 933 3502 sunt,
955 3425 1091 3488 diversis
1107 3447 1147 3490 ex
1162 3429 1265 3490 causis
1281 3443 1318 3487 ea
1332 3423 1419 3485 libe-

222 3534 341 3604 rantur,
363 3533 394 3589 et
415 3528 465 3589 sui
486 3529 564 3589 iuris
587 3526 776 3589 efficiuntur.
821 3527 859 3587 Er
882 3527 913 3588 in
935 3529 1033 3608 patris
1047 3528 1171 3608 quidem
1191 3531 1348 3608 potestate
1364 3525 1419 3606 qui

222 3635 306 3705 sunt,
329 3634 450 3690 mortuo
474 3643 513 3688 eo
533 3629 582 3687 sui
605 3627 683 3687 iuris
705 3625 799 3698 liunt3
830 3627 883 3704 qui
910 3627 942 3688 in
965 3629 1034 3705 avi,
1066 3646 1104 3690 eo
1124 3633 1246 3690 mortuo
1269 3634 1335 3688 tum
1356 3627 1420 3720 de-

223 3746 304 3791 mum
326 3730 376 3790 sui
398 3730 476 3789 iuris
499 3726 591 3802 liunt,
623 3727 651 3788 si
678 3728 710 3787 in
740 3727 837 3806 patris
868 3733 1053 3807 potestatem
1075 3729 1217 3790 recasuri
1241 3745 1303 3790 non
1333 3733 1418 3803 sunt,

223 3828 307 3910 quod
329 3829 460 3903 accidit,
491 3843 560 3888 cum
582 3833 671 3906 pater
692 3843 800 3890 eorum
822 3844 881 3890 avo
910 3829 1063 3891 moriente
1087 3830 1186 3906 vivit,
1218 3834 1250 3890 et
1278 3828 1337 3890 sub
1367 3829 1419 3890 avi

224 3967 421 3980 ...-.-.--.

370 4030 394 4086 7.
413 4034 447 4092 D.
467 4033 493 4084 11.
512 4036 531 4084 t.
622 4030 649 4092 2)
670 4032 703 4084 0.·
720 4029 762 4086 10.
782 4029 805 4092 ἓ.
825 4032 850 4085 2.
869 4031 898 4084 (i.
918 4031 944 4082 11.
964 4039 982 4086 t.
1194 4053 1197 4058 ·

355 4102 379 4156 5.
400 4103 466 4154 dod.
485 4105 511 4154 h.
530 4107 548 4153 t.
566 4104 596 4154 ir.
616 4103 658 4157 29.
678 4104 700 4164 ἓ.
720 4102 745 4155 3.
764 4105 798 4154 D.
818 4101 843 4167 5,
862 4103 879 4156 2
898 4098 945 4167 (de
962 4105 1034 4156 inoff.
1052 4101 1133 4170 lesi).

319 4051 331 4086 r
352 4033 368 4086 2

349 4175 366 4228 3
392 4177 413 4226 1.
424 4175 479 4226 h.t.
499 4175 656 4230 decursibus
675 4175 709 4228 de
727 4176 780 4226 hac
797 4174 967 4243 inquisitione
984 4176 1128 4244 loquuntur
1138 4175 1273 4244 Ulpianus
1290 4176 1319 4230 in
1336 4173 1420 4230 rr.17.

259 4035 274 4088 1

258 4104 275 4157 3

256 4175 275 4228 4

224 4245 248 4306 ἐ.
268 4247 293 4298 1.
331 4249 390 4298 .D.
408 4246 434 4296 h.
451 4251 478 4308 t,
498 4251 525 4300 et
541 4246 723 4299 Diocletianus
740 4247 768 4296 in
787 4261 810 4297 c.
830 4247 854 4300 2.
874 4245 940 4298 coa.
960 4246 1021 4298 eod.

262 4313 290 4381 5)
326 4316 479 4370 31011.
627 4314 656 4386 6)
675 4318 718 4368 ln.
737 4316 781 4370 32.
799 4335 838 4384 pr.
854 4318 886 4370 fr.
905 4314 948 4368 33.
969 4319 1001 4368 D.
1020 4320 1046 4370 h.
1065 4322 1084 4370 l.

257 4384 286 4452 7)
309 4387 332 4447 ἓ.
351 4387 376 4441 3.
397 4388 417 4439 1.
437 4386 581 4440 0111113.
601 4405 640 4454 pr.
658 4388 691 4437 D.
712 4383 756 4450 37,
774 4385 791 4439 ὃ
810 4387 843 4454 (si
862 4388 928 4456 quid
945 4387 973 4440 lu
986 4389 1074 4442 fraud.
1084 4386 1160 4455 pat).
1179 4388 1210 4438 fr.
1224 4384 1303 4440 8.15.
1326 4385 1421 4456 b.5,2

222 4457 269 4527 (da
286 4459 359 4514 inoff.
377 4456 458 4524 teat).
484 4459 516 4510 ir.
535 4459 559 4512 1.
579 4457 602 4517 ἓ.
620 4458 662 4510 21.
680 4460 714 4509 Ι).
736 4456 780 4521 37,
797 4457 814 4510 6
833 4457 880 4524 (de
898 4457 1011 4525 collat).
1030 4462 1061 4513 fr.
1082 4459 1125 4512 22.
1144 4475 1184 4526 pr.
1202 4459 1237 4512 D.
1256 4458 1283 4512 11
1304 4464 1325 4512 t.
1377 4467 1379 4472 '

257 4527 286 4596 8)
307 4533 369 4585 inat.
387 4531 408 4583 1.
428 4527 591 4596 12.1er.1.
613 4526 656 4582 10.
676 4527 735 4582 cai.
757 4529 783 4582 1.
802 4527 826 4590 §-
846 4526 907 4581 124.
924 4544 980 4597 seq.

277 4173 287 4241 l
