3082 4976
204 369 221 423 2
523 375 727 414 lml'l'll'l'lolll
746 376 820 414 lUlll!
840 377 943 414 Rolssl
963 377 1083 415 l’lllVssl.

204 521 328 580 camus,
361 502 445 582 quod
477 504 676 565 recentiores
703 505 742 566 ab
765 505 901 584 antique
923 505 1074 566 orationis
1098 503 1201 568 latine
1223 524 1283 569 usu
1307 525 1400 568 rece-

203 605 314 667 dentes
336 601 548 683 obtipotionem
571 609 688 666 vocant
696 621 705 678 3
738 603 822 666 unde
853 610 920 666 orta
943 610 993 666 est
1013 603 1069 667 illa
1092 605 1131 667 de
1159 612 1264 668 mutua
1287 605 1401 667 iuriam

205 704 478 784 obliqotioaumque
499 705 581 766 inter
598 721 634 765 se
655 703 810 767 relatione
834 704 984 784 loquendi
1007 706 1214 769 consuetudo.
1264 756 1267 768 ,

245 808 275 888 §-
289 806 319 870 3.
365 805 400 866 ln
417 804 594 866 deliniendo
610 810 713 866 autem
729 824 777 881 eo,
801 823 873 867 num
897 807 967 886 quis
983 805 1110 886 aliquod
1127 807 1188 884 ius,
1210 807 1293 887 quod
1310 823 1401 870 suum

202 925 273 970 esse
298 905 469 981 contendit,
494 923 607 967 revera
627 906 749 982 babeat,
773 906 902 988 regulas
927 906 1075 987 quasdam
1101 907 1317 984 observamus,
1338 924 1402 988 pu-

200 1008 283 1072 blica
306 1009 504 1082 auctoritate,
530 1006 656 1088 legibus
671 1013 724 1068 aut
742 1007 882 1068 moribus
900 1007 1126 1087 comprobatas,
1151 1025 1220 1088 quae
1235 1007 1311 1070 sole
1334 1014 1402 1071 sta-

201 1115 310 1185 tuunt,
334 1113 436 1169 utrum
458 1108 499 1169 sit
522 1109 570 1168 ius
593 1106 740 1182 alicuius,
762 1107 890 1169 necne?
946 1107 1082 1180 Quarum
1105 1108 1297 1190 regularum,
1319 1127 1403 1189 quo-

200 1228 311 1274 rumve
334 1214 564 1290 preceptorum
587 1207 783 1288 complexum
807 1211 946 1288 pariter,
981 1207 1140 1284 sedulio,
1171 1215 1205 1270 ut
1228 1209 1290 1270 dici
1319 1212 1404 1272 solet

202 1311 365 1385 obtectam,
387 1325 496 1383 sensu,
523 1309 571 1368 ius
597 1325 763 1382 vocamus;
797 1309 936 1388 indeque
955 1312 1092 1370 existunt
1113 1311 1181 1371 iura
1203 1310 1401 1393 singulorum

203 1413 390 1496 populorum
414 1411 483 1472 sire
507 1410 677 1485 civitatum,
702 1409 800 1474 veluti
823 1410 1066 1488 iusltomanum,
1091 1409 1254 1488 Gallicum,
1271 1411 1402 1474 Germa-

205 1515 320 1588 nicum,
342 1511 556 1592 Hispanicum,
579 1509 759 1592 Anglicum.
1130 1521 1136 1534 '

245 1616 275 1695 §-
292 1615 323 1674 4.
367 1611 472 1690 Atque
496 1611 543 1672 lrae
569 1612 646 1672 iuris
664 1611 833 1673 definiendi
846 1612 966 1694 regula
983 1612 1027 1674 nil
1042 1613 1126 1674 aliud
1141 1619 1224 1690 sunt,
1247 1614 1307 1674 nisi
1327 1614 1402 1676 iusti
1429 1631 1436 1642 ·

203 1720 234 1776 et
255 1713 347 1792 equi,
372 1712 543 1773 iustitiaeve
564 1717 736 1792 praecepta,
766 1730 836 1792 quae
858 1719 979 1776 mutuas
1001 1713 1158 1775 bominum
1182 1715 1213 1774 in
1236 1715 1323 1776 civili
1344 1732 1401 1778 so-

202 1818 316 1877 cietate
339 1813 522 1895 degentium
545 1814 678 1876 intense
694 1814 956 1890 necessitudines,
980 1817 1250 1894 communiterque
1276 1813 1401 1876 vivendi

202 1915 312 1979 modos
335 1913 529 1989 describunt,
554 1919 585 1975 et
609 1913 684 1994 quid
706 1913 822 1977 habere
849 1917 984 1996 quisque
1011 1916 1124 1978 debeat
1153 1923 1206 1978 aut
1235 1917 1310 1997 pati,
1334 1920 1401 1976 sta-

206 2021 307 2078 tuunt.
352 2014 441 2076 Unde
465 2016 519 2093 qui
543 2015 592 2076 ius
617 2016 648 2076 in
673 2016 800 2076 civitate
824 2017 1028 2091 constituunt,
1053 2018 1202 2079 iustitiam
1224 2017 1326 2097 sequi,
1349 2015 1402 2095 qui

202 2115 401 2200 singulorum
416 2117 650 2178 controversias
666 2115 705 2178 de
718 2135 768 2192 eo,
790 2117 874 2197 quod
889 2119 1042 2197 cuiusque
1057 2123 1116 2193 est,
1132 2117 1291 2194 dirimunt,
1309 2117 1404 2182 iusti-

201 2221 273 2282 tiam
296 2217 432 2280 reddere
456 2217 612 2280 dicuntur.
780 2217 783 2223 “

245 2319 318 2401 §.b
362 2316 530 2398 Appellato
554 2323 603 2378 est
627 2323 729 2379 autem
751 2321 811 2381 iam
837 2337 853 2379 a
877 2318 1040 2380 veteribus
1053 2318 1078 2406 1)
1110 2319 1228 2379 iustitia
1258 2322 1404 2378 constans

204 2426 298 2500 atque
322 2425 475 2500 perpetua
499 2417 645 2481 voluntas
670 2435 759 2480 suum
781 2421 894 2499 cuique
919 2419 1096 2493 tribuendi;
1126 2435 1194 2498 quae
1220 2424 1314 2480 recte
1342 2419 1405 2480 bo-

203 2523 294 2585 minis
317 2521 431 2582 rationi
450 2521 552 2590 insita·
566 2525 661 2598 atque
682 2521 786 2582 innata
807 2521 908 2582 virtus
933 2519 1076 2596 babetur,
1104 2525 1136 2582 ct
1158 2537 1209 2581 ars
1231 2518 1401 2582 deliniendi

202 2624 290 2697 boni,
310 2623 389 2682 recti
413 2626 446 2682 et
468 2622 550 2699 aequi
571 2620 753 2704 vomant).
799 2620 880 2682 luris
904 2637 962 2684 seu
985 2622 1123 2682 iustitiae
1146 2621 1203 2681 tria
1226 2620 1401 2684 aRomaais

204 2727 429 2785 enumerantur
442 2727 609 2800 precepta,
633 2721 899 2797 honestevivere,
922 2720 1056 2783 alterum
1082 2739 1145 2784 non
1160 2721 1288 2796 ledere,
1311 2736 1401 2782 suum

205 2824 321 2902 cuique
334 2821 474 2882 tribuere
488 2822 525 2902 3).
568 2820 708 2883 Honeste
723 2822 868 2882 viventes
888 2823 957 2884 iure
971 2823 1060 2906 digni
1075 2821 1243 2894 efficimur3
1268 2819 1402 2883 alterum

204 2941 266 2986 non
289 2921 439 2984 ledentes
464 2928 496 2983 et
518 2939 608 2984 suum
632 2924 746 3001 cuique
769 2921 945 2984 tribuentes
967 2924 1116 2986 universa
1139 2921 1302 3000 explemus
1322 2921 1402 2982 iuris

204 3021 327 3099 officia,
363 3028 423 3084 tam
446 3041 482 3084 ca
504 3039 573 3102 que
594 3024 625 3084 in
650 3041 713 3085 non
737 3021 881 3085 iaciendo
905 3040 995 3103 quam
1019 3041 1073 3100 ea,
1107 3039 1176 3102 quaa
1203 3023 1234 3082 in
1259 3019 1401 3084 faciendo

203 3141 261 3188 seu
283 3123 460 3205 prestando
486 3125 672 3186 consistunt.

346 3312 414 3364 TIT.
434 3313 472 3362 11.
508 3313 556 3362 DE
575 3311 671 3364 IURIS
693 3311 842 3364 ORIGINE
860 3312 982 3375 AttQtJu
1001 3307 1254 3376 ettottssussw).

245 3432 275 3512 ξ.
291 3428 322 3492 6.
366 3427 459 3506 Apud
478 3443 585 3488 omnes
607 3428 758 3506 populos,
779 3428 848 3488 sive
870 3427 1037 3502 barbaros,
1061 3430 1130 3488 siva
1153 3425 1317 3499 cultiores,
1340 3423 1401 3484 ob-

202 3530 324 3590 servari
348 3529 428 3602 iura,
451 3526 590 3590 moribus
614 3526 781 3608 legibusve
804 3529 934 3602 sancita,
957 3532 1010 3588 aut
1032 3526 1138 3608 legum
1153 3523 1325 3598 codicibus,
1349 3521 1401 3583 vel

203 3631 282 3690 iuris
305 3629 508 3708 corporibus,
538 3627 680 3689 ordinata
704 3627 845 3689 videmus
855 3646 864 3701 ;
896 3627 1033 3706 indeque
1062 3627 1163 3688 oritur
1193 3622 1323 3704 questio
1346 3620 1401 3684 illa

205 3715 386 3811 ¹gravissimi
407 3729 669 3804 sancmomenti,
704 3728 788 3789 unde
811 3727 952 3790 ducenda
984 3729 1026 3789 sit
1056 3729 1135 3789 iuris
1159 3727 1259 3789 omnis
1283 3720 1401 3806 origo?

206 3828 303 3902 Quam
322 3831 527 3909 questionem
543 3830 596 3909 qui
619 3830 802 3911 attigerunt,
825 3845 933 3890 eorum
948 3829 1042 3890 variae
1064 3833 1136 3889 sunt
1154 3845 1189 3888 ea
1205 3826 1244 3889 de
1266 3844 1302 3888 re
1324 3842 1402 3890 sen-

204 3931 318 3992 tentiae.
364 3929 428 3991 Alii
452 3931 533 3992 enim
557 3946 708 4009 expressa
723 3929 880 3991 bominum
903 3927 1125 4009 rempublicam
1146 3928 1401 3989 constituentium

206 4057 403 4070 ...Ι-ηιμ·-

239 4125 266 4193 1)
285 4129 327 4180 Pr.
337 4130 357 4180 1.
379 4129 406 4178 h.
416 4135 434 4179 t.
445 4131 476 4180 ir.
493 4127 534 4180 10.
554 4146 591 4196 pr·
606 4132 639 4180 D.
658 4129 831 4194 aedilicero,
852 4127 886 4180 dc
898 4127 970 4178 finib·
982 4127 1015 4188 tt,
1033 4123 1082 4188 233
1101 4125 1134 4176 de
1143 4124 1282 4191 republica
1300 4122 1401 4187 111‚11.

201 4200 233 4249 Α.
256 4199 367 4262 (lollius,
384 4200 470 4262 XVII,
491 4198 515 4252 5.

235 4265 264 4334 2)
284 4271 326 4320 Fr.
348 4271 373 4334 1,
393 4271 416 4330 ἓ.
431 4271 455 4321 1.
475 4271 508 4321 Ι).
528 4273 553 4322 h.
576 4276 594 4320 t.
751 4267 779 4335 3)
799 4267 860 4333 §.3,
879 4271 900 4320 1.
920 4269 946 4318 h.
966 4275 985 4320 t.
1006 4269 1037 4319 fr.
1049 4266 1092 4329 10,
1110 4265 1168 4326 §.L
1187 4267 1220 4316 D.
1239 4267 1301 4318 eod.

233 4338 262 4405 4)
283 4340 349 4403 Qus
369 4344 396 4392 in
416 4344 593 4409 paragraphis
617 4343 695 4392 huius
714 4343 783 4392 tituli
808 4344 960 4394 continetur
985 4339 1018 4390 de
1038 4340 1102 4390 iuris
1121 4338 1220 4405 origine
1242 4345 1324 4407 atqua
1340 4353 1401 4404 pro·

199 4427 292 4478 gressu
311 4416 453 4476 sententie,
473 4414 609 4464 extensius
622 4418 648 4463 et
659 4415 810 4466 accuratius
829 4415 980 4480 explicatur
996 4411 1024 4460 in
1042 4409 1167 4464 Auctoris
1185 4409 1266 4471 libro,
1282 4410 1324 4462 cui
1342 4411 1401 4461 titu-

195 4483 257 4535 lus=
276 4483 457 4552 Pba'toscpltioc
477 4487 547 4536 a'ura'e
567 4486 726 4546 delineatio,
747 4484 877 4550 tubingae
890 4482 974 4548 1855;
994 4496 1072 4549 quam
1095 4495 1154 4532 cum
1173 4481 1262 4534 studio
1284 4479 1400 4533 Institu-

198 4556 302 4608 tionum
324 4570 432 4606 suarum
451 4555 614 4623 coniungere
635 4555 763 4607 lectorem
783 4561 868 4624 rogat.
