3082 4976
612 1340 843 1424 Publilio.

659 1543 807 1554 -ι-ι--ιι

174 1695 295 1782 Elapso
319 1692 433 1780 viginti
455 1695 595 1781 quinque
617 1717 786 1779 annorum,
814 1697 891 1763 inde
920 1719 939 1764 s
964 1699 1095 1786 vulgata
1127 1700 1218 1767 tertia
1243 1725 1335 1765 issu·

133 1821 297 1866 russorurs
331 1820 413 1862 rusrs
440 1821 560 1862 soussr
580 1819 723 1863 mearum
751 1798 908 1882 editione,
931 1799 1050 1887 spatio,
1090 1811 1200 1886 quarte
1225 1825 1335 1869 earum

134 1898 276 1966 editione
297 1919 377 1985 opus
401 1897 543 1963 futurum
558 1919 639 1980 esse,
665 1919 703 1964 eo
716 1898 822 1964 minus
834 1901 951 1984 putavi,
979 1897 1066 1984 quod
1086 1898 1164 1965 iuris
1186 1921 1336 1988 compen·

134 1999 198 2081 dia,
221 2021 291 2083 quae
313 2007 477 2080 vocantur,
497 1997 594 2063 latino
616 2019 766 2064 sermone
781 1999 899 2085 scripte
918 2000 1017 2068 hodie
1039 2022 1113 2066 raro
1133 2004 1167 2065 in
1178 2023 1240 2066 usu
1253 2011 1336 2066 sunt.

133 2099 255 2164 Praetcr
280 2096 554 2184 exspectationem
573 2120 679 2164 mecm
700 2099 809 2184 itaque
834 2099 913 2163 mihi
935 2099 1059 2182 accidit,
1083 2110 1118 2164 ut
1141 2100 1183 2166 A.
1203 2101 1336 2169 Marcus

133 2199 313 2286 bibliopola
335 2196 527 2278 bonnensis,
552 2198 639 2264 cuius
664 2199 846 2293 sumptibus
867 2199 1059 2276 tertialibri
1079 2199 1143 2265 mei
1166 2210 1234 2266 erat
1256 2203 1337 2267 facta

137 2299 245 2382 editio,
265 2298 343 2368 mihi
363 2295 532 2380 nuntiaret,
553 2297 677 2384 reliqua
699 2321 768 2384 quaa
783 2298 948 2364 habuisset
968 2297 1036 2364 eius
1062 2299 1212 2386 exempla
1231 2301 1338 2366 noris·

136 2398 223 2466 simis
247 2399 335 2464 annis
358 2397 392 2462 in
415 2399 535 2464 exteris
557 2401 650 2466 terris
674 2408 788 2466 cuncta
804 2399 1025 2482 cssovendita,
1046 2400 1105 2465 sed
1118 2400 1223 2467 adhuc
1244 2400 1339 2467 etiam

138 2501 267 2587 abipso
290 2499 399 2585 expeti
421 2499 538 2582 solere,
562 2521 697 2586 eamque
723 2503 763 2566 ob
785 2500 951 2581 rationem,
973 2509 1009 2564 ut
1029 2508 1146 2565 novem
1167 2501 1341 2566 editionem

138 2622 295 2687 pararem,
320 2621 411 2668 eme
424 2608 560 2687 peteret.
586 2598 765 2668 Certiorem
787 2601 874 2666 idem
895 2622 947 2666 me
969 2601 1055 2684 fecit,
1077 2610 1114 2665 ut
1137 2602 1215 2666 olim
1233 2601 1267 2666 in
1286 2625 1339 2666 ve-

138 2703 193 2770 riis
213 2699 481 2768 Universitstibus
502 2701 629 2788 Belgii,
660 2702 851 2787 Hellendise,
878 2703 1070 2788 Germaniae,
1092 2704 1216 2787 Galliae,
1243 2703 1339 2769 Polo-

139 2805 199 2871 niae
223 2813 256 2869 et
274 2801 398 2885 Danioe,
419 2802 463 2868 ita
483 2825 570 2868 nunc
590 2803 625 2872 in
645 2804 829 2870 Academiis
843 2805 1018 2892 Hispaniae,
1042 2805 1260 2893 Portugelliae,
1282 2807 1340 2870 lm-

139 2905 222 2992 perii
245 2902 449 2976 Bresilicnsis
469 2925 615 2974 necnon
635 2904 668 2970 in
692 2904 781 2971 Italia
806 2914 837 2970 et
857 2905 890 2968 in
907 2907 1028 2992 Anglic
1051 2906 1134 2972 libro
1158 2927 1232 2971 meo
1256 2905 1340 2971 duce

139 3006 263 3076 romani
285 3002 361 3070 iuris
375 3003 499 3072 scholas
523 3005 636 3070 haberi
657 3004 775 3070 solere.
816 3005 864 3068 Εο
893 3005 1054 3072 lubentius
1080 3013 1185 3070 autem
1210 3005 1260 3070 his
1284 3025 1341 3091 op-

140 3109 211 3176 tetis
234 3103 366 3172 editoris
388 3124 536 3172 essemus
558 3127 639 3187 sum,
665 3127 736 3170 cum
757 3105 922 3190 persuasio
944 3104 1021 3170 mihi
1043 3106 1147 3187 fieret,
1168 3125 1222 3170 me
1246 3125 1285 3170 ea
1304 3125 1342 3170 re

140 3207 362 3295 suscipienda,
393 3205 616 3292 promovende
647 3205 725 3272 iuris
755 3208 877 3272 romani
914 3206 1019 3271 studio
1048 3215 1080 3270 et
1103 3203 1341 3271 Germanorum
1434 3233 1443 3242 s

141 3308 440 3376 iurisconsultorum
461 3305 502 3370 de
526 3325 565 3370 eo
589 3305 701 3370 merita
722 3306 809 3391 apud
834 3313 961 3371 exteros
984 3301 1206 3391 patefaciendo
1227 3301 1341 3370 utilem

144 3431 276 3498 operam
299 3430 427 3479 norme.
469 3407 621 3493 Denique
643 3407 698 3474 tali
718 3409 815 3473 modo
837 3408 899 3473 iam
920 3416 992 3473 ante
1016 3404 1225 3490 quadraginta
1242 3422 1342 3472 annos

144 3536 163 3578 s
190 3531 244 3576 me
270 3517 419 3594 suscepto
450 3507 586 3590 muneri,
616 3516 652 3571 ut
673 3508 714 3572 de
736 3506 874 3572 scientie
897 3505 1095 3574 Germanicas
1124 3503 1277 3570 fructibus
1312 3509 1344 3566 et

144 3610 373 3698 progressibus
394 3609 472 3678 alies
493 3609 637 3676 notiones
660 3610 839 3692 edocerem,
867 3610 1031 3696 hodieque
1052 3607 1126 3674 satis
1155 3609 1261 3673 facere
1291 3627 1344 3672 me

145 3733 245 3798 posse
268 3710 457 3797 cogitabam.
498 3710 687 3777 Existimevi
707 3710 817 3798 igitur,
837 3709 934 3776 officii
948 3709 1012 3775 mei
1033 3730 1115 3791 esse,
1137 3716 1174 3772 ut
1195 3707 1273 3772 iuris
1294 3727 1346 3770 ro·

146 3811 232 3878 mani
263 3819 444 3896 precepta,
476 3810 581 3896 quelia
601 3811 700 3876 hodie
721 3820 795 3898 post
817 3811 998 3875 innumeras
1029 3810 1285 3875 elucubrationes
1315 3815 1348 3871 et

149 3913 272 3980 criticas
299 3910 550 3996 disquisitiones,
579 3909 762 3992 historice,
792 3933 861 3996 quae
894 3906 1017 3991 dicitur,
1040 3907 1356 3974 iurisconsultorum·

153 4015 391 4087 demam
409 4009 546 4090 ecbola,
575 4017 650 4081 nint
679 4009 808 4096 quidem
830 4018 919 4075 eruta
948 4017 980 4074 et
1000 4031 1086 4073 nunc
1107 4008 1280 4088 docentur,
1313 4005 1347 4070 in

150 4123 303 4200 quantum
325 4110 404 4176 mihi
424 4109 555 4174 veritate
575 4109 633 4173 niti
654 4110 813 4192 videntur,
835 4110 869 4174 in
892 4111 978 4176 libro
999 4131 1072 4174 meo
1096 4127 1295 4194 exponerem
1315 4113 1348 4170 et

149 4215 191 4280 ed
212 4235 326 4278 verum
347 4210 538 4297 descriptam
560 4209 735 4297 imaginem
755 4211 833 4275 iuris
853 4209 978 4275 romani
998 4207 1095 4274 hodie
1116 4207 1203 4295 apud
1223 4227 1282 4270 nos
1300 4204 1347 4268 vi-

149 4316 257 4404 gentis
281 4313 456 4402 disciplinae
478 4314 754 4382 cultoribushuius
777 4313 874 4378 studii
895 4313 1129 4379 adumbrarem.
1172 4306 1245 4388 Qua
1265 4303 1346 4369 inre

152 4417 229 4485 iuris
254 4415 355 4483 civilis
378 4437 475 4502 quum
495 4437 605 4481 veram
629 4423 661 4480 et
675 4413 847 4502 genuinam
860 4415 994 4479 formam
1005 4411 1170 4476 studerem
1181 4423 1346 4484 revocare,

151 4541 218 4586 non
239 4517 347 4584 solum
367 4517 401 4584 in
420 4515 556 4604 singulis
569 4515 709 4583 articulis
723 4513 913 4597 scribendis,
939 4511 1045 4599 quood
1056 4507 1128 4578 fieri
1140 4506 1254 4594 potuit,
1276 4503 1347 4588 ipse
