3082 4976
579 401 581 406 Ι
612 346 691 384 urrrn
711 348 729 388 r.
749 346 809 386 cnr.
830 346 872 390 ιιι.
1305 338 1340 396 59

131 477 277 542 eiusdem
298 479 454 558 potestate
478 474 578 560 cstl).
623 474 743 537 Pariter
764 475 873 555 capitis
899 475 1102 539 diminutione
1127 479 1257 543 maxima
1281 473 1334 542 vei

133 579 237 644 media
259 577 357 660 patris
371 577 617 653 interueniente,
640 575 732 637 liberi
756 575 810 656 qui
824 576 882 637 sub
896 581 1051 658 potestate
1069 583 1170 656 erant,
1186 581 1236 642 sui
1255 581 1333 643 iuris

132 681 262 768 finnt2).
307 679 340 742 Si
363 683 466 740 tamen
489 675 545 738 ilie
566 676 604 738 ab
628 676 771 738 hostibus
802 679 912 756 captus
936 677 1043 754 suerit,
1068 684 1198 759 propter
1221 679 1336 760 postli-

132 784 224 846 ruinii
247 783 297 843 ius
319 781 418 860 patria
439 783 580 858 potestas
601 783 719 840 tantum
741 779 773 839 in
794 794 949 858 suspenso
962 779 1071 865 ertit·
1097 779 1334 845 interveniente

133 899 263 968 quoque
288 877 481 942 filiifamilias
503 879 614 959 capitis
629 877 835 941 diminutione
856 881 987 940 maxima
1012 877 1064 940 vel
1087 898 1211 963 magna,
1235 883 1335 965 patria

132 989 276 1066 potestas
301 980 448 1044 soluitur.

175 1087 207 1167 ξ.
220 1083 292 1148 209.
336 1079 570 1144 Filiusfamilias
584 1079 709 1157 deinde,
735 1081 788 1160 qui
802 1080 925 1160 patricii
940 1078 1123 1162 dignitatem
1145 1087 1334 1144 consecutus

133 1183 188 1246 vei
211 1184 381 1264 episcopus
404 1187 607 1244 consecratus
635 1187 693 1258 cst,
725 1182 793 1261 ipso
817 1183 886 1242 iure
909 1199 925 1242 a
948 1182 1047 1260 patria
1071 1185 1227 1260 potestate
1249 1181 1335 1244 libe-

132 1290 232 1361 ratur,
257 1289 288 1346 et
311 1284 360 1345 sui
382 1284 460 1345 iuris
484 1300 556 1346 csse
577 1283 687 1364 incipit
708 1285 777 1345 sinc
798 1282 907 1362 capitis
932 1281 1147 1344 diminutione.
1192 1279 1335 1364 Reliquae

131 1385 304 1469 dignitates
329 1382 559 1447 filiumfamilias
582 1403 599 1446 a
619 1385 716 1466 patris
738 1388 893 1464 potestate
916 1399 979 1444 non
1001 1384 1141 1443 eximunt
1154 1381 1192 1464 4).

177 1489 209 1570 §-
224 1484 297 1552 210.
341 1483 376 1547 ln
398 1503 521 1566 poenam
544 1502 671 1565 quoquc
695 1485 792 1564 patris
809 1484 864 1545 iiiii
886 1481 998 1546 iliaeve
1014 1482 1199 1545 familiarum
1213 1483 1250 1546 ab
1267 1484 1335 1546 eius

132 1591 292 1670 potestate
315 1583 509 1661 liberantur,
542 1583 641 1645 vetuti
672 1584 699 1645 si
730 1583 881 1663 peccandi
910 1584 1130 1646 necessitatem
1163 1583 1202 1645 iis
1232 1584 1335 1665 impo-

132 1688 245 1762 suerit,
268 1687 296 1748 si
322 1702 376 1748 cos
398 1684 634 1771 esposrrcriti),
659 1685 708 1746 vel
732 1685 759 1747 si
784 1685 919 1746 incestas
946 1685 1070 1764 nuptias
1093 1684 1333 1767 contraxerim).

175 1791 206 1870 ξ.
219 1787 291 1850 211.
335 1785 480 1866 Denique
503 1787 749 1866 emancipatione
764 1785 911 1848 desinunt
933 1785 1069 1847 liberiin
1090 1790 1252 1866 parentum
1273 1804 1334 1867 po-

132 1893 251 1950 testate
283 1903 364 1949 esse.
421 1886 632 1967 Emancipatio
663 1893 730 1948 crat
762 1886 835 1949 olim
865 1885 1055 1949 filiifamilias
1087 1886 1272 1966 mancipatio
1303 1890 1334 1948 ct

133 1989 349 2066 manumissio,
373 2006 456 2051 nunc
476 1989 510 2049 irt
532 1995 585 2052 aut
606 2007 663 2069 pcr
686 1991 912 2072 magistratum,
941 2007 1031 2070 quam
1055 1987 1332 2066 emancipationem

131 2089 390 2176 lastinianeami)
411 2106 572 2166 vocamus,
595 2090 647 2152 vei
666 2109 724 2170 pcr
739 2091 889 2172 principis
911 2092 1101 2170 rescriptum
1126 2106 1216 2169 quarn
1226 2087 1332 2150 Anas-

137 2191 289 2252 tasianam
302 2189 342 2276 8),
365 2209 405 2252 ex
426 2191 590 2272 utriusque
611 2192 809 2272 imperatoris
835 2191 1121 2254 constitutionibus.
1167 2187 1206 2250 Ut
1225 2179 1331 2251 'autem

135 2289 207 2352 iieri
230 2290 331 2371 possit
353 2292 570 2371 emancipatio,
592 2285 783 2372 requiritur,
812 2297 847 2353 ut
870 2298 900 2355 et
923 2297 1013 2372 pater
1035 2297 1066 2354 ct
1087 2289 1169 2352 iilius
1194 2307 1331 2353 consen-

132 2391 264 2478 tiant9).
308 2392 526 2472 Emancipatus
540 2391 621 2454 filius
642 2393 743 2474 capite
756 2395 915 2470 minuitur,
939 2393 1099 2473 patrisque
1116 2393 1249 2471 eiusque
1269 2410 1331 2473 ag-

131 2497 278 2554 natorum
301 2497 433 2574 agnatus
460 2509 531 2554 esse
554 2493 680 2556 desinit
724 2494 944 2576 Emancipatus
966 2494 997 2555 in
1021 2493 1119 2574 patris
1145 2496 1330 2574 potestatem

130 2595 280 2654 revocari
304 2597 417 2672 potest,
441 2593 469 2654 si
493 2594 637 2676 ingratus
661 2593 767 2672 tuerit,
784 2594 847 2672 vei,
873 2596 900 2656 si
922 2599 1031 2658 contra
1053 2591 1330 2674 emancipationem

129 2697 162 2756 in
187 2695 347 2776 integrum
368 2693 545 2756 restituitur
559 2693 610 2784 1⁰).

174 2795 204 2875 ξ.
220 2791 293 2855 212.
338 2791 483 2855 Ceterum
512 2812 551 2874 err
578 2793 737 2874 predictis
767 2799 913 2876 apparet,
946 2791 1176 2856 filiumfamilias
1201 2807 1328 2871 quoque

129 2912 171 2958 ex
193 2893 286 2954 unius
309 2897 464 2972 potestate
487 2895 519 2954 in
534 2893 665 2956 alterius
680 2899 865 2974 potestatem
878 2896 1015 2956 transire
1031 2908 1137 2973 posse,
1159 2909 1221 2973 quc
1245 2891 1333 2974 sacto¹

127 2993 247 3076 prioris
269 2999 408 3074 potestas
442 2994 474 3055 in
496 2992 560 3056 idio
582 2993 739 3070 solvitur,
766 2993 867 3056 veluti
889 2995 921 3056 in
941 2995 1056 3076 plena,
1091 3009 1160 3073 quae
1182 2999 1326 3070 vocatur,

127 3091 384 3172 adoptione,th
407 3094 439 3154 in
460 3093 666 3178 adrogatione
689 3096 770 3172 eius,
797 3097 850 3176 qui
876 3095 995 3158 liberos
1017 3094 1075 3156 sub
1088 3099 1245 3176 potestate
1268 3093 1327 3154 ba-

126 3191 209 3269 buit,
233 3191 285 3254 uel
307 3195 334 3257 si
357 3196 425 3275 quis
451 3201 574 3258 mortuo
595 3215 655 3260 avo
677 3198 709 3294 in
732 3199 829 3277 patris
851 3203 1037 3277 potestatem
1059 3195 1183 3258 recidit.

133 3347 335 3359 ————-

166 3429 196 3498 1)
219 3434 262 3484 Pr.
281 3435 302 3486 1.
321 3434 348 3486 h.
367 3439 385 3486 t.
404 3436 424 3487 1.
444 3433 469 3488 5.
488 3437 520 3488 D.
541 3437 566 3490 1.
588 3437 604 3490 6
624 3433 671 3504 (de
689 3438 794 3508 hirqui
812 3436 883 3505 sut).
903 3438 963 3490 aar.
982 3437 1007 3490 1.
1026 3431 1130 3499 §2122

165 3499 195 3570 2)
217 3502 276 3556 Gai.
299 3503 323 3556 1.
342 3505 365 3565 ἓ.
386 3505 445 3560 128.
464 3506 526 3574 Uip.
545 3506 588 3572 10,
602 3507 626 3560 3.
645 3507 668 3568 ἓ.
687 3509 711 3562 1.
731 3511 751 3560 1.
773 3513 798 3562 h.
816 3515 835 3560 t.
851 3527 901 3564 neo
917 3510 946 3562 in
965 3525 1031 3562 casu
1049 3506 1072 3567 §-
1092 3507 1117 3560 2.
1136 3506 1156 3557 Ι.
1176 3503 1237 3559 eod.

166 3571 195 3640 3)
216 3573 275 3626 Gai.
294 3575 319 3627 1.
340 3575 363 3636 ἓ.
382 3577 442 3630 129.
462 3578 484 3638 1.
507 3575 531 3631 5.
550 3581 570 3630 Ι.
591 3578 652 3631 eod.

164 3641 196 3710 4)
213 3643 235 3704 ἓ.
254 3644 280 3698 4.
299 3648 319 3697 Ι.
330 3649 356 3700 h.
368 3653 385 3702 t.
406 3665 428 3702 c.
438 3648 481 3702 66.
502 3651 569 3704 Cod.
583 3649 627 3714 10,
636 3650 668 3703 31
691 3647 738 3712 (de
758 3650 892 3702 decurion.
906 3653 933 3702 ct
944 3651 1035 3704 liberis
1046 3647 1121 3728 aar).
1140 3667 1163 3704 o.
1171 3648 1196 3702 5.
1215 3645 1326 3713 (1123

127 3716 178 3785 (de
194 3716 368 3784 consulibus).
388 3735 411 3771 o.
431 3721 473 3774 12.
495 3721 524 3773 0.
544 3721 569 3785 1,
586 3720 605 3773 4
624 3719 672 3787 (de
691 3718 774 3789 epis).
795 3723 862 3780 Nor.
881 3721 924 3774 81.
945 3739 967 3773 c.
986 3723 1010 3775 1.
1030 3721 1055 3774 3.

165 3785 195 3924 33
214 3787 244 3911 g.
264 3787 289 3840 6.
304 3789 394 3913 1(12.11,
407 3788 447 3914 {0
465 3790 512 3860 (de
531 3794 689 3860 spectaculis
706 3799 732 3845 et
752 3789 881 3858 scenicis).
902 3809 925 3843 c.
935 3791 960 3845 4.
978 3792 1042 3845 (1.8.
1053 3790 1095 3846 52.
1113 3793 1180 3846 Nor.
1190 3787 1249 3843 153.
1268 3789 1325 3842 o.1.

242 3873 286 3912 or.
340 3877 388 3914 .c.
426 3902 432 3914 .

164 3925 194 3994 7)
213 3930 242 3982 O.
261 3929 287 3982 6.
312 3933 341 3984 0.
360 3931 385 3984 8.
404 3930 440 3984 47
464 3931 512 4000 (de
541 3935 627 4001 patria
649 3929 766 4002 potest).
810 3934 877 3988 Iuris
900 3935 997 3988 veteris
1021 3937 1097 3988 form.
1125 3934 1198 4002 apud
1222 3933 1281 3987 aar.
1300 3934 1325 3987 1.

127 3999 151 4060 §-
171 3998 322 4054 132-134.
341 4003 403 4069 Ulp.
421 4005 455 4056 X.
474 4003 499 4056 1.
1314 4020 1318 4030 “

164 4068 193 4135 8)
213 4072 242 4124 Ο.
260 4070 287 4124 5.
307 4074 335 4126 O.
354 4075 416 4128 eod.

165 4139 194 4206 9)
215 4141 238 4202 ἓ.
258 4143 282 4196 2.
302 4143 344 4196 10.
364 4145 386 4196 1.
397 4145 423 4196 h.
434 4150 452 4197 t.
471 4143 503 4197 ir.
521 4143 564 4197 31.
583 4147 616 4197 D.
636 4144 660 4210 1,
679 4142 697 4198 7
714 4145 762 4214 (da
782 4145 873 4212 adopt.
893 4151 918 4197 et
937 4145 1088 4217 mancip).
1108 4164 1131 4201 o.
1144 4143 1168 4200 5.
1187 4145 1212 4198 6.
1232 4144 1324 4200 c.h.t.

126 4213 207 4264 Paul.
227 4213 289 4266 Rea,
309 4215 382 4271 Seni.
401 4217 434 4268 11.
456 4213 497 4268 25.
519 4215 542 4275 ἓ.
561 4213 585 4270 5.
659 4248 665 4276 r

145 4282 193 4350 10)
212 4283 256 4338 Fr.
276 4285 320 4339 37.
340 4287 362 4348 ξ.
382 4285 407 4340 1.
424 4289 458 4340 D.
476 4291 503 4340 h.
522 4293 542 4339 t.
