3064 4966
445 313 448 319 '
516 323 599 366 uass
617 323 648 364 ιι.
669 321 737 362 rau
755 323 786 364 ιι.
807 321 866 364 sar.
883 323 925 364 ιιι.
1270 309 1323 370 175

114 399 120 438 ι

122 454 303 536 negleetam
334 455 545 518 neeessariam
575 454 803 518 institutionem
831 455 884 516 vel
914 453 1190 518 exheredationem
1212 441 1322 521 ualere

117 571 184 618 uon
207 557 350 635 possunt,
373 552 625 634 precedentibus
648 555 680 616 in
703 553 803 616 titulis
823 555 882 616 iam
904 553 1049 618 diximus.

163 653 280 736 §.ela
324 651 424 718 Omne
453 657 673 718 testamentum
694 669 758 716 nou
788 655 858 716 iure
887 652 1002 716 iactum
1028 651 1148 716 nullius
1174 653 1321 716 momenti

119 752 265 830 hahmur,
287 758 496 834 testaturque,
516 755 543 816 si
565 752 651 818 aliud
673 759 890 818 testamentum
914 771 976 818 non
999 753 1157 829 condidit,
1186 753 1321 816 intesta-
1369 735 1373 750 “

119 857 173 914 tus
194 855 337 944 moritur.
393 853 470 918 inde
500 871 560 920 nao
593 856 734 918 anterius
765 861 982 920 testamentum
1006 855 1145 918 validum
1167 851 1321 920 eiusmodi

119 959 307 1020 testamento
323 953 472 1018 infirmari
493 954 648 1044 potest1).
669 953 814 1035 Denique
836 957 916 1018 oerti
937 957 1017 1020 iuris
1041 960 1101 1032 ost,
1123 958 1320 1028 testamenta,

119 1059 289 1131 momento,
310 1053 511 1134 quocondita
526 1060 610 1132 sunt,
634 1055 755 1120 inutilia
778 1061 879 1118 traotu
895 1057 1045 1138 temporis
1069 1073 1132 1118 nou
1147 1052 1318 1118 couvales-

118 1173 196 1220 oere
217 1157 239 1218 i.
262 1173 291 1220 e.
315 1154 403 1220 nullo
425 1155 518 1220 modo
539 1161 649 1237 postea
670 1156 757 1224 vires
780 1157 926 1237 aoeipere
946 1175 1042 1238 posse
1055 1155 1097 1242 ²).

163 1258 195 1338 ἓ.
211 1255 284 1320 620.
328 1255 431 1320 Variis
454 1262 557 1320 autem
581 1274 619 1319 ex
643 1257 749 1320 causis
771 1263 955 1320 testamenta
976 1260 1047 1320 iure
1073 1257 1152 1320 iacta
1185 1254 1325 1320 resoiudi

118 1361 265 1436 possunt,
290 1363 321 1418 et
344 1357 471 1437 quidem
495 1363 549 1420 aut
570 1357 660 1420 irrita
677 1356 765 1434 hunt,
788 1363 842 1420 aut
856 1364 1053 1440 rumpuntur,
1076 1357 1324 1422 sutdestituun-

119 1461 193 1533 tur,
209 1456 324 1520 aliisve
346 1457 483 1540 denique
507 1459 606 1522 modis
629 1457 833 1522 infirmantur.

166 1560 197 1639 ξ.
212 1557 283 1622 621.
328 1557 454 1622 irritum
474 1559 589 1622 facturn
612 1566 744 1628 uocatur
764 1565 995 1638 testamentum,
1018 1560 1102 1642 quod
1116 1566 1233 1624 mutato
1254 1563 1324 1621 tes-

120 1663 233 1724 tatoris
257 1665 342 1722 statu
362 1661 474 1722 inutile
497 1661 541 1738 iit,
563 1659 688 1741 quando
707 1661 830 1724 scilieet
852 1663 884 1724 in
906 1679 977 1723 eum
990 1679 1094 1724 casum
1116 1660 1238 1736 incidit,
1260 1676 1323 1740 quo

120 1762 232 1826 testari
255 1762 325 1824 iure
346 1777 409 1826 non
432 1762 603 1842 potuisset:
625 1761 726 1824 veluti
747 1765 775 1826 si
797 1762 898 1844 capite
912 1762 1062 1826 minuitur
1077 1763 1118 1848 ⁸).
1164 1761 1323 1826 Statusuo

121 1867 198 1925 ante
222 1866 354 1925 mortem
378 1863 544 1938 restituto,
575 1861 748 1926 secundum
777 1861 899 1924 tabulas
922 1861 1077 1925 bonorum
1097 1863 1260 1944 possessio
1283 1876 1325 1923 ex

123 1980 165 2026 eo
186 1963 371 2026 testamento
394 1960 534 2048 datum).

164 2061 281 2146 §.622
324 2061 514 2128 Destitutum
538 2079 596 2128 seu
626 2063 786 2128 desertum
809 2063 926 2128 dieitur
950 2068 1178 2138 testamentum,
1200 2078 1240 2123 es
1261 2076 1323 2142 quo

119 2180 213 2228 nemo
243 2163 339 2228 heres
369 2163 489 2228 exstitit
514 2165 546 2228 h.
569 2181 598 2228 e.
629 2181 669 2228 ex
696 2180 760 2244 quo
788 2183 879 2228 nemo
900 2163 1106 2228 hereditatem
1125 2162 1220 2237 adiit;
1249 2163 1323 2226 item

120 2263 176 2328 uei
198 2267 225 2328 si
246 2263 341 2330 heres
365 2269 438 2346 post
460 2264 629 2328 aditionem
653 2265 686 2326 in
708 2266 865 2348 integrum
895 2265 1061 2328 restitutus
1085 2268 1143 2326 ost.
1196 2259 1246 2327 Nil
1270 2261 1323 2324 in-

120 2371 239 2430 terest:
264 2367 427 2432 institutus
447 2365 535 2432 adire
560 2365 709 2446 noluerit,
732 2383 771 2430 an
788 2363 1132 2432 testamentiiaetionem
1150 2367 1224 2428 ante
1249 2361 1321 2428 adi-

121 2468 240 2530 tionem
261 2465 452 2552 amiserim).
1289 2519 1291 2524 ,
1313 2507 1314 2510 ,

168 2572 198 2651 ξ.
210 2567 282 2634 623.
326 2566 461 2648 Ruptum
492 2567 607 2633 dieitur
635 2571 854 2648 testamentum
883 2565 1005 2632 duabus
1027 2567 1060 2630 in
1082 2565 1205 2642 causis,
1228 2565 1323 2630 nimi-

120 2685 192 2736 rum
214 2667 339 2749 quando
352 2685 431 2732 suus
453 2670 547 2734 heres
563 2670 756 2751 agnoscitur,
778 2671 811 2734 in
824 2674 1010 2734 testamento
1031 2671 1177 2744 omissus,
1198 2672 1230 2732 et
1252 2683 1322 2730 eum

122 2769 303 2850 posteriore
332 2775 519 2836 testamento
547 2769 629 2834 iacto
653 2771 741 2852 prius
772 2768 973 2834 rescinditur.
1017 2768 1115 2834 Nemo
1137 2785 1200 2834 uno
1222 2773 1323 2832 testa·-

122 2875 232 2938 manto
254 2870 381 2938 condito
401 2872 583 2954 impeditur,
604 2872 771 2952 quominus
793 2869 878 2934 aliud
902 2869 1011 2946 iaciat,
1035 2887 1138 2952 eoque
1160 2869 1242 2934 iaoto
1263 2887 1322 2934 an·-

122 2972 223 3036 terius
247 2971 431 3036 evanescit:
453 2971 587 3036 hominis
609 2972 691 3036 enim
706 2969 855 3036 voluntas
871 2970 1075 3036 ambulatoria
1096 2969 1239 3048 hahetur,
1264 2985 1323 3034 us-

121 3087 186 3150 que
213 3068 253 3136 ad
281 3087 462 3152 supremum
484 3071 559 3134 vite
587 3066 738 3146 exituros
756 3088 855 3150 quere
883 3089 975 3136 nemo
1005 3075 1111 3152 potest
1132 3069 1192 3134 sihi
1216 3069 1322 3154 legem

121 3170 244 3248 disere,
266 3187 306 3237 ae
328 3188 346 3232 a
367 3171 467 3252 priori
489 3175 675 3238 testamento
697 3170 758 3238 sihi
779 3170 934 3234 resedere
955 3171 1098 3258 licenti).
1134 3171 1322 3252 imperfecto

120 3275 311 3334 testamento
331 3274 420 3351 prius
437 3288 502 3334 non
515 3273 682 3352 rumpitur,
705 3274 840 3336 attamen
856 3288 896 3332 ex
906 3269 1069 3342 iustiniani
1086 3271 1322 3350 constitutione,

120 3370 151 3436 si
175 3371 385 3452 inscriptura
407 3373 548 3454 quinque
576 3371 709 3436 testibus
732 3370 909 3452 subscripta
939 3371 976 3436 ab
1008 3371 1156 3434 intestato
1186 3369 1322 3434 heredes

121 3468 260 3534 instituti
283 3475 376 3548 sumt,
392 3471 492 3554 ¹prius
515 3475 751 3547 testamentum,
781 3470 813 3532 in
830 3486 907 3550 ouo
932 3471 1038 3534 omissi
1062 3473 1163 3548 erant,
1180 3468 1322 3550 infirmo-

123 3574 177 3636 tur
191 3567 229 3656 ⁷).
274 3569 307 3636 Si
328 3570 514 3654 posthumus
534 3587 612 3636 suus
634 3570 727 3636 heres
750 3573 821 3634 ante
845 3575 1026 3636 testatorem
1044 3569 1206 3650 moriatur,
1230 3585 1320 3634 orreo

122 3673 312 3736 testamento
333 3669 487 3736 honorum
509 3671 673 3752 possessio
694 3669 867 3738 seeundum
889 3655 1010 3738 tabulas
1032 3667 1171 3756 detorti).

158 3857 187 3995 ἐξ
207 3855 369 3984 ξἰ7291211ἒ)
376 3857 409 3976 Ιξ
417 3852 462 3989 ξθ,
468 3851 504 3976 ξ’]
511 3851 559 3988 Rhe
564 3853 623 3993 ἓξ
627 3920 698 3990 iun).
706 3922 730 3986 d.
738 3923 764 3978 1.
772 3919 798 3975 5.
807 3925 826 3978 f.
833 3922 856 3978 1.
862 3917 929 3985 2,12
940 3916 1023 3993 (quib.
1035 3943 1090 3982 uon
1099 3930 1140 3982 est
1146 3921 1322 3993 permissum).

159 3999 189 4068 3)
212 4001 271 4054 Gsi„
289 4000 314 4054 h.
334 3997 358 4058 it
378 3992 438 4052 146.
458 3992 518 4050 146.
537 3996 561 4059 i.
579 3995 605 4052 4.
624 3998 650 4058 5.
668 3999 689 4049 1.
708 3997 735 4050 h.
752 4001 771 4047 t
790 3996 822 4050 ir.
841 3992 867 4045 6.
887 3991 910 4054 h·
931 3990 956 4046 ὃ.
973 3997 1007 4050 D.
1025 3998 1052 4052 h.
1070 4003 1090 4051 t.

157 4069 187 4138 4)
207 4070 230 4131 §-
249 4071 274 4124 6.
294 4073 315 4123 Ι.
336 4070 395 4123 eod.
414 4068 447 4118 ir.
465 4065 508 4118 12.
525 4085 564 4134 pr.
583 4070 616 4123 D.
635 4068 696 4122 aod.
717 4067 775 4119 Gai.
795 4065 820 4118 2.
840 4059 931 4124 §.174
950 4065 1010 4120 148.
1029 4067 1182 4140 Aliquando
1200 4073 1228 4124 st
1245 4072 1324 4135 sipi*

121 4138 451 4292 mgffidffiffi
468 4137 724 4281 gawotei&
732 4139 828 4270 3751*
844 4206 871 4276 3.
890 4207 904 4264 1
925 4209 973 4278 (de
991 4212 1085 4270 need
1096 4209 1199 4282 quesn
1216 4206 1324 4270 rausi·

160 4285 189 4352 e)
208 4287 232 4347 s.
253 4285 278 4338 ι.
296 4284 322 4338 e.
341 4286 368 4338 a.
387 4291 405 4337 ι.
422 4285 454 4334 e.
474 4279 516 4332 rs.
534 4285 567 4334 u.
587 4286 648 4337 sou.
667 4285 699 4334 n.
719 4280 762 4334 ss.
788 4281 812 4342 s.
830 4277 855 4332 3.
874 4283 907 4334 p.
926 4282 970 4348 24,
988 4283 1003 4336 1
1024 4282 1072 4350 (ee
1090 4285 1181 4338 eonas
1199 4281 1323 4336 norm.

120 4351 482 4498 “su‘efuffeiii
498 4350 856 4494 isthmius·
867 4355 1016 4493 trihu
1027 4353 1179 4493 diffidi
1193 4355 1245 4422 ¹⁶⁸·
1255 4348 1323 4416 ¹¹¹³·

157 4497 188 4567 8)
206 4499 250 4553 Fr.
270 4498 312 4556 12.
334 4517 373 4570 pr.
392 4500 426 4558 D.
444 4499 470 4555 h·
491 4505 510 4556 t
529 4515 553 4554 u.
572 4497 597 4554 2.
616 4497 645 4556 0.
666 4497 691 4564 o,
712 4495 747 4556 22
762 4493 811 4566 (de
827 4493 981 4568 postiam).
