3098 4966
202 343 237 399 96
521 345 721 385 llb'l'll'll'lloffl
741 347 814 384 lum
839 345 942 384 uolent
965 345 1085 384 Putidus.

204 489 341 546 ratorem
358 481 433 542 ¹eius
456 478 525 541 lieri
547 483 652 558 potest
663 481 711 563 1),
736 483 769 540 et
787 479 820 538 in
841 478 993 540 incertam
1015 477 1094 540 adeo
1119 490 1296 557 personam,
1320 478 1403 558 quod

195 580 235 642 'v.
259 600 286 642 c.
313 579 346 640 lit
368 579 492 658 quando
515 577 644 640 missilia
667 578 699 638 in
722 577 840 660 vulgus
862 577 1068 659 iactanturl).

246 680 361 764 §.dib
405 679 568 758 Nunquam
598 677 678 740 nuda
701 677 826 740 traditio
848 678 998 740 transfert
1020 678 1188 740 dominium
1212 676 1268 738 sed
1290 678 1354 754 ita,
1377 677 1404 738 si

202 783 307 863 aliqua
329 783 410 844 iusta
422 797 515 842 causa
536 780 748 862 precesserit,
765 783 894 859 propter
917 797 1008 859 quarn
1021 779 1147 841 traditio
1164 784 1353 857 sequeretur
1362 779 1403 862 8).

203 882 293 956 Quod
316 887 508 962 preceptum
530 884 572 942 ita
598 880 699 962 accipi
720 879 860 956 solebat,
895 885 946 956 ut,
981 895 1044 959 quo
1068 878 1193 942 iraditio
1222 880 1285 940 vim
1310 885 1405 958 atque

207 981 353 1044 ellectum
376 981 499 1056 habeat,
523 981 760 1062 obligationem,
783 981 873 1042 euius
895 979 964 1041 linis
987 985 1073 1042 esset
1088 979 1216 1042 dominii
1229 978 1404 1056 translatio,

206 1081 259 1144 vel
282 1082 445 1165 negotium
466 1081 536 1142 iure
559 1079 708 1156 validum,
730 1080 815 1142 illam
841 1079 1024 1161 procedere
1048 1085 1196 1160 oportere
1218 1084 1404 1144 statuerent.

203 1183 264 1244 Ast
288 1182 409 1244 veteris
432 1181 510 1242 iuris
535 1179 710 1263 fragmenta
732 1181 786 1260 qui
813 1180 999 1263 diligentius
1023 1183 1248 1243 examinaverit
1268 1186 1300 1243 et
1322 1181 1405 1242 inter

205 1301 240 1345 se
263 1285 494 1364 composuerit,
518 1284 544 1344 is
567 1283 660 1346 iacile
683 1285 865 1365 perspiciet,
889 1285 1001 1346 iustam
1026 1301 1149 1346 causam
1171 1282 1249 1344 nihil
1280 1282 1405 1344 aliuda

204 1382 368 1444 veteribus
399 1381 555 1465 intelligi,
580 1401 671 1463 quam
700 1385 835 1446 animum
857 1383 974 1445 domini
997 1402 1062 1445 rem
1084 1401 1171 1446 suam
1192 1383 1318 1448 tradere
1343 1401 1405 1446 vo-

205 1483 319 1560 lentis,
343 1485 471 1564 negotio
495 1484 629 1563 quodam
653 1485 705 1546 vel
727 1485 809 1546 sacto
833 1493 1036 1564 expressum,
1062 1502 1124 1564 quo
1147 1485 1306 1566 accipiens
1327 1500 1406 1564 pro-

205 1565 282 1646 bare
303 1584 413 1663 possit,
437 1603 514 1660 rem,
538 1590 573 1645 ut
595 1602 682 1646 suam
703 1585 826 1661 habeat,
850 1585 910 1646 sibi
932 1581 1076 1647 traditam
1098 1585 1222 1670 esse4).
1267 1583 1405 1664 Ideoque

204 1687 286 1760 iusta
310 1702 403 1746 eausa
423 1684 513 1746 adest
533 1702 597 1746 non
619 1685 731 1761 solum,
752 1703 822 1748 cum
842 1687 926 1747 inter
947 1685 1098 1765 quosdam
1122 1685 1280 1762 venditio,
1304 1685 1406 1748 dona-

208 1787 251 1846 tio
267 1783 305 1870 ⁵),
329 1785 427 1846 mutui
452 1783 547 1861 datio,
571 1784 694 1847 aliusve
714 1785 869 1848 eiusmodi
891 1793 1071 1848 contractus
1095 1786 1323 1862 intercesserit,
1346 1804 1406 1846 ve-

204 1904 272 1948 rum
294 1887 395 1962 etiam,
421 1887 447 1948 si
460 1905 500 1948 ex
520 1891 658 1966 putativa
680 1905 773 1951 causa
796 1890 923 1952 traditio
945 1889 1024 1950 laeta
1048 1889 1098 1950 sit.
1142 1887 1208 1950 Nee
1221 1889 1248 1948 si
1262 1887 1300 1950 ab
1316 1893 1406 1948 utra-

207 2005 269 2068 que
303 1991 392 2068 parte
430 1989 682 2052 contrahentium
711 1996 879 2052 concurrat
913 1989 1063 2066 allectus,
1096 1989 1317 2071 impedimento
1346 1993 1404 2062 est,
1490 2061 1497 2068 ῃ

205 2086 289 2166 quod
312 2095 418 2167 partes
441 2089 522 2150 circa
545 2107 670 2152 causam
692 2091 786 2152 dandi
809 2097 840 2153 et
861 2090 1036 2171 accipiendi
1056 2089 1274 2152 dissenserint.
1318 2087 1405 2150 Ven-

205 2185 278 2249 ditae
304 2205 382 2249 vero
407 2193 438 2249 ct
460 2189 582 2251 tradite
603 2209 656 2252 res
686 2209 748 2254 non
777 2191 868 2254 aliter
897 2191 1029 2272 emptori
1058 2191 1282 2271 acquiruntur,
1313 2207 1405 2270 quam

205 2289 232 2349 si
258 2287 417 2350 venditori
438 2289 573 2368 pretium
598 2289 742 2368 solverit,
768 2289 820 2352 vel
846 2291 906 2353 alio
930 2290 1022 2352 modo
1046 2291 1075 2352 ei
1098 2289 1289 2353 satisfecerit
1303 2291 1341 2376 6).

249 2393 279 2472 ξ.
294 2389 367 2454 346.
412 2389 592 2453 Traditione
615 2397 732 2454 tantum
754 2409 824 2472 quac
846 2397 920 2454 sunt
942 2391 1129 2471 corporalia,
1154 2391 1404 2466 transferuntur3

205 2491 346 2572 quaedam
367 2491 435 2552 iura
449 2493 539 2571 quasi
553 2491 719 2555 traditione
742 2493 773 2555 in
789 2493 868 2555 alios
883 2489 1029 2568 transire,
1051 2493 1190 2555 actiones
1204 2492 1274 2554 cedi
1291 2497 1408 2554 tantum

201 2591 382 2674 possuntt).

247 2697 277 2775 ξ.
291 2693 364 2757 347.
409 2693 547 2756 Traditio
571 2693 614 2755 nil
637 2693 768 2774 amplius
795 2693 967 2754 transferre
983 2691 1077 2756 debet
1089 2693 1141 2755 vel
1156 2698 1261 2774 potest
1271 2692 1310 2756 ed
1324 2711 1406 2770 eum,

202 2795 262 2874 'qui
287 2795 425 2873 accepit,
448 2812 540 2874 quam
563 2800 612 2856 est
636 2794 717 2876 apud
739 2811 827 2870 eum,
854 2795 907 2874 qui
931 2792 1034 2856 tradit.
1080 2793 1206 2875 Siquis
1227 2795 1325 2878 igitur
1347 2795 1408 2857 do-

203 2955 401 2966 *...-...

240 3033 309 3101 lli
327 3032 1029 3104 5.1.netperquaaperscnaanceracuque).

238 3105 494 3174 2...)§461h.t.
595 3103 1077 3176 3)Paul.infr..p31r..Dh..t

237 3176 581 3245 4)Ῑ15Τ555551115ᾶὲ.
600 3175 644 3231 40.
664 3179 684 3229 I.
705 3181 731 3229 5.
750 3185 768 3231 1.
787 3181 818 3230 fr.
841 3177 883 3230 36.
903 3181 935 3230 D.
954 3181 981 3230 h.
999 3185 1017 3230 t
1037 3173 1107 3229 155.
1128 3177 1150 3236 ἓ.
1169 3175 1193 3228 2.
1210 3178 1244 3228 Ι).
1262 3143 1408 3243 12,7(<15

205 3249 285 3305 cond.
304 3252 360 3304 sine
379 3244 483 3314 55555).
505 3266 527 3302 5.
542 3247 566 3300 6.
587 3249 616 3302 0
634 3248 666 3314 4,
685 3247 729 3313 50,
750 3253 915 3318 aliorumque
939 3251 1112 3318 plurimorum
1129 3249 1249 3300 locorum
1268 3265 1407 3316 comparo-

203 3323 276 3373 5555
295 3325 368 3374 iacto
386 3327 489 3384 stotu03
516 3337 605 3390 nequo.
632 3323 793 3374 contrarium
812 3324 915 3386 habeo,
940 3326 971 3374 fr.
990 3320 1032 3374 31.
1051 3338 1089 3386 pr.
1110 3322 1143 3371 D.
1162 3321 1189 3372 h.
1207 3325 1225 3372 t.
1263 3321 1407 3382 0551555

205 3394 375 3445 inveniuntur
394 3393 526 3456 5555515
547 3395 644 3460 quibus
663 3395 738 3444 nulle
756 3395 837 3460 plane
851 3395 1024 3460 obligatione,
1044 3391 1308 3459 nequepraeeedente
1320 3407 1408 3460 neque

204 3467 410 3528 concomitante,
429 3464 537 3515 traditio
559 3465 705 3516 dominium
725 3467 868 3516 translsrti
889 3465 960 3516 Vide
978 3463 1181 3516 luculentiorem
1193 3465 1328 3516 sententias
1346 3478 1408 3516 nos·

203 3537 320 3588 troiam
340 3525 518 3658 5335551555
538 3541 651 3603 receptes
669 3536 864 3604 expositionem
882 3537 910 3588 in
928 3535 1026 3590 Arabio
1038 3537 1093 3605 fiir
1110 3537 1181 3588 ca'os'l.
1199 3536 1324 3602 Psonis,
1341 3541 1360 3586 t.
1380 3533 1405 3588 6.

201 3625 266 3742 pb)
287 3679 360 3730 Inter
377 3679 462 3729 iustas
478 3675 630 3729 traditionis
648 3693 745 3730 canses
764 3677 845 3728 51155
867 3677 977 3730 donatio
1004 3677 1145 3730 referenda
1164 3681 1217 3728 est:
1246 3689 1326 3744 quarn
1345 3689 1406 3726 oum

203 3750 232 3800 in
250 3745 389 3809 15555551
408 3748 644 3811 Ι55111511551555·
636 3765 664 3800 rn
681 3749 811 3816 peculiari
830 3749 907 3800 titulo
930 3747 985 3814 (lib.
1005 3747 1029 3800 2.
1049 3754 1068 3800 1.
1087 3745 1143 3808 7.)
1142 3755 1303 3814 exponatur,
1331 3746 1405 3800 55111

202 3822 361 3888 interpretes
381 3821 517 3888 proprium
539 3821 719 3888 acquisitionis
739 3837 823 3890 genus
838 3821 896 3872 iure
914 3821 986 3872 civili
1005 3821 1174 3872 constitutum
1192 3820 1288 3874 heberi
1305 3821 1405 3872 nolunt.

207 3891 337 3954 Quamvis
357 3897 447 3943 eutem
464 3891 575 3942 reteri·
567 3905 625 3943 1555
643 3893 774 3954 Romano,
794 3909 853 3943 cum
872 3891 964 3943 adhuc
981 3893 1027 3944 lex
1035 3889 1153 3943 Cmcre
1145 3907 1173 3940 1n
1191 3906 1242 3942 usu
1262 3895 1339 3954 esset,
1359 3890 1406 3940 do-

203 3965 275 4014 natio
296 3979 313 4014 a
325 3964 433 4030 reliquis
442 3963 594 4016 traditionis
604 3965 691 4016 causis
700 3965 814 4015 multum
830 3963 940 4015 distaret
953 3959 1110 4028 (comment.
1124 3962 1184 4024 mei,
1198 3965 1215 4012 t.
1223 3963 1255 4012 ΙΙ.
1265 3979 1308 4013 55.
1318 3927 1406 4026 705.);

203 4035 312 4101 propria
329 4040 419 4086 tamen
438 4034 576 4100 acquisitio
594 4049 645 4086 nec
663 4041 720 4086 tum
739 4035 793 4086 dici
810 4035 904 4102 potuit,
923 4035 1048 4102 quoniam
1066 4050 1121 4086 555
1136 4033 1405 4096 551551511115555,

204 4107 416 4171 mancipationes
434 4109 460 4156 51
485 4105 513 4156 15
533 4105 590 4157 iure
609 4109 745 4158 cessiones
771 4123 807 4157 ex
831 4121 914 4158 eausa
939 4106 1090 4158 donationis
1116 4105 1231 4155 fiebant:
1255 4120 1349 4166 rerum
1379 4110 1406 4154 et

203 4178 393 4243 stipulationes
412 4177 522 4243 eliaeque
541 4178 719 4243 obligationes
733 4177 854 4228 donandi
870 4177 962 4228 55155
982 4177 1215 4229 contrahebantur.
1253 4176 1405 4228 11551555·-

204 4249 350 4300 51555515
367 4249 409 4299 515
429 4248 575 4316 quidquem
600 4251 719 4302 mutavit.
764 4247 933 4300 Commodius
959 4250 1040 4316 igitur
1066 4253 1093 4300 et
1113 4247 1178 4298 iuris
1204 4247 1301 4298 notioni
1319 4247 1405 4312 magis

204 4325 413 4372 consentaneum
433 4319 573 4385 duximus,
590 4321 632 4374 ius
645 4321 826 4374 5555115555
844 4321 896 4372 555
913 4320 941 4370 15
960 4321 1047 4388 capite
1074 4317 1207 4385 preterire
1234 4325 1261 4370 et
1279 4323 1405 4386 opportu-

202 4393 276 4444 niore
295 4392 356 4444 loco
375 4405 518 4458 exponere.

237 4460 265 4528 5)
284 4461 308 4522 s.
326 4459 369 4514 41.
389 4463 409 4514 1.
427 4463 455 4514 u.
472 4467 491 4513 a.

237 4531 266 4600 7)
286 4535 329 4586 ur.
346 4531 390 4586 43.
409 4536 434 4598 §-
453 4531 478 4584 1.
495 4534 528 4584 D.
547 4528 591 4595 41,
611 4531 624 4584 1
648 4529 695 4598 (do
714 4548 772 4598 555.
790 4547 839 4583 rer.
859 4529 997 4597 dominio).
