3082 4976
667 336 855 378 turnoottorio.
1342 323 1359 378 7

155 487 239 534 muru
266 471 436 536 videndum
468 477 532 534 est:
570 491 646 547 Qoru
675 493 705 532 in
730 491 872 533 crvrrara
897 491 945 533 sir
967 467 1076 533 runis?
1108 468 1240 532 deinde:
1274 469 1358 532 unde

155 591 282 634 racana
302 593 360 648 sir,
383 593 425 634 or
448 593 504 634 noc
526 591 573 633 sir
596 571 707 633 rurist
757 571 873 633 Prioris
896 571 1080 650 questionis
1105 569 1221 634 solutio
1242 573 1274 632 in
1298 589 1357 634 ex-

154 674 313 754 positione
335 678 367 734 et
389 671 609 752 explanatione
632 673 710 734 iuris
733 673 893 746 consistit,
929 671 1018 732 ouius
1050 671 1082 732 in
1114 671 1274 751 republica
1308 678 1357 734 est

153 791 233 836 usus
257 779 352 853 atque
374 775 562 847 auctoritas3
582 790 641 834 neo
664 773 817 835 immerito
842 773 909 834 haeo
936 769 1091 832 diductioo
1111 787 1170 834 seu
1187 771 1359 853 doqmott'co

153 876 235 937 iuris
269 874 409 937 doctrina
437 878 543 954 potest
573 876 690 935 vocari.
743 872 873 946 Quando
896 874 928 934 in
959 872 1065 956 legum
1095 874 1232 954 ipsarum
1255 876 1357 938 inter-

152 976 332 1056 pretatione
355 975 499 1037 consistit
522 975 687 1051 institutio,
710 975 865 1054 eceqelioo
888 973 1073 1056 appellatur.

194 1075 374 1138 Posteriora
398 1078 570 1156 quoestione
600 1073 669 1136 duae
691 1076 762 1138 alite
794 1077 996 1139 continentur
1006 1095 1015 1150 3
1049 1075 1165 1138 altera:
1201 1077 1354 1140 undenam

151 1179 214 1240 hoc
239 1179 288 1238 ius
311 1175 509 1238 descendat?
540 1176 657 1238 altera:
688 1195 758 1257 quae
779 1180 859 1253 sint,
890 1183 925 1238 ut
947 1178 1051 1254 huius,
1074 1179 1127 1240 ita
1152 1177 1252 1240 omnis
1275 1179 1353 1240 iuris

150 1278 270 1340 ultlmae
292 1291 396 1339 cause
406 1275 432 1336 ’.θ’
466 1275 607 1340 Solvitur
624 1276 678 1339 illa
697 1277 845 1338 historico
867 1279 944 1339 iuris
962 1279 1169 1358 expositione,
1191 1295 1261 1358 que
1282 1293 1352 1341 cum

151 1377 286 1442 fontium
299 1379 378 1439 iuris
393 1378 549 1460 originem
561 1397 597 1440 ao
610 1377 681 1454 fata,
698 1385 761 1440 tum
775 1379 971 1462 singularum
988 1380 1231 1457 institutionum,
1244 1377 1351 1465 legum

151 1493 338 1558 morumque
360 1478 448 1540 initia
470 1483 501 1540 et
524 1479 762 1542 vicissitudines
786 1486 921 1542 enarrat.

196 1579 289 1662 §.22
334 1578 407 1641 llaec
430 1580 583 1660 denique,
615 1597 685 1660 quae
716 1580 837 1643 altioris
867 1597 942 1642 sane
971 1587 1019 1642 est
1043 1581 1215 1664 indaginis,
1250 1584 1351 1645 omnis

150 1681 232 1744 iuris
254 1681 407 1761 principia
429 1699 465 1743 ac
489 1679 591 1742 fontes
617 1683 831 1762 persequitur.
876 1681 1104 1754 Quaerendum:
1139 1681 1223 1744 unde
1254 1685 1353 1746 omnis

149 1783 239 1844 notio
263 1782 342 1844 iuris
365 1780 562 1844 descendat?
585 1797 725 1860 quaenam
749 1783 811 1842 sint
825 1782 930 1861 prime
949 1783 1106 1844 universe
1120 1782 1197 1844 iuris
1223 1783 1358 1846 causei*

148 1883 223 1964 quis
246 1897 384 1944 summus
405 1883 483 1944 iuris
508 1880 606 1943 linis?
651 1881 865 1964 ludagandum
890 1882 1005 1944 deinde
1026 1884 1059 1944 in
1086 1883 1161 1943 iusti
1183 1888 1278 1962 atque
1301 1885 1353 1944 ln—

148 1984 227 2048 iusti
250 1984 313 2045 vim
335 1988 367 2044 et
390 1987 530 2045 naturam
553 1987 585 2043 et
605 1981 826 2063 investiganda
850 1989 1006 2064 praecepta
1029 1984 1099 2044 sine
1122 1983 1235 2062 quihus
1248 1999 1352 2064 neque

148 2085 191 2148 do
211 2083 399 2164 populorum
422 2082 548 2165 legibus
564 2101 623 2145 neo
643 2084 815 2144 civitatium
834 2084 969 2163 publicis
993 2085 1188 2164 privatisque
1202 2085 1352 2146 institutis

147 2190 238 2248 recte
262 2183 402 2245 iudicare
425 2199 603 2264 possumus.
659 2183 884 2265 inquirendum
908 2186 1009 2248 estin
1032 2185 1214 2260 civitatum,
1244 2199 1352 2246 rerum

148 2284 358 2368 politicarum,
381 2285 550 2367 gentisque
577 2284 727 2362 humanae,
750 2285 885 2365 publicae
913 2291 944 2348 et
966 2287 1097 2365 privatae
1111 2287 1184 2346 vite
1205 2287 1356 2361 rationes,

150 2385 348 2468 publicorum
372 2387 585 2448 institutorum
607 2385 718 2460 finem3
741 2386 847 2469 legum
870 2385 1092 2449 similitudines
1117 2403 1154 2448 ac
1175 2386 1353 2449 discrimina

150 2491 227 2550 sunt
251 2485 389 2548 eruenda
416 2491 447 2548 et
470 2485 674 2563 illustranda,
703 2493 737 2547 ut
762 2489 812 2548 via
845 2491 1048 2562 monstretur,
1081 2503 1140 2567 qua
1167 2485 1355 2568 pdpulorum
1416 2559 1421 2564 ,

151 2591 221 2652 iura
247 2586 436 2669 perfectiora
460 2587 606 2663 reddere,
628 2587 933 2668 rerumpublicarum
947 2589 1062 2650 formas
1087 2588 1267 2663 emendare,
1290 2605 1352 2671 ge-

151 2691 304 2768 nerisque
328 2688 453 2749 humani
474 2687 684 2750 conditionem
699 2687 737 2749 ad
752 2704 902 2750 summum
926 2687 1084 2750 felicitatis
1111 2686 1271 2769 fastigium
1294 2687 1353 2750 ad-

153 2791 272 2853 ducere
291 2787 471 2850 dcceamur.
494 2787 544 2850 hd
571 2804 641 2867 quae
660 2789 763 2850 omnia
787 2789 847 2850 rite
871 2787 1051 2870 peragenda
1074 2789 1248 2867 requiritur
1270 2789 1355 2851 inte-

152 2891 248 2954 rioris
278 2891 420 2950 humanae
452 2894 572 2950 naturae
603 2889 867 2971 singulorumque
897 2889 1098 2970 ingeniorum
1129 2891 1286 2971 cognitio,
1322 2897 1354 2954 et

152 3007 259 3054 rerum
281 2991 438 3065 omniurn,
472 3005 542 3070 quse
563 2991 793 3052 coniunctionis
822 2989 941 3070 aliquid
965 3006 1033 3052 cum
1068 2991 1137 3051 iure
1161 2990 1278 3052 habere
1302 2991 1355 3051 vi-

153 3092 299 3166 deantur,
321 3089 423 3152 solers
436 3096 468 3153 et
479 3096 622 3152 accurata
637 3090 828 3171 disquisitio.
852 3089 1058 3152 decentiores
1072 3090 1151 3152 hanc
1166 3092 1245 3154 iuris
1268 3091 1348 3153 doc-

152 3194 244 3256 trinae
269 3197 388 3271 partem
412 3191 490 3251 iuris
509 3191 730 3270 philosophiam
753 3197 841 3254 recte
863 3190 1103 3271 appellaverunt
1112 3190 1149 3275 ¹).

198 3295 228 3374 ξ.
243 3291 293 3355 23.
338 3293 442 3371 Atque
463 3292 520 3354 hac
542 3291 659 3372 triplici
671 3293 793 3355 ratione
818 3294 867 3354 ius
890 3292 1078 3353 illustratum
1093 3293 1147 3370 qui
1168 3305 1264 3353 nosse
1288 3307 1350 3352 vo-

154 3391 261 3468 luerit,
285 3392 492 3454 iurisconsulti
515 3411 626 3456 nomeu
650 3399 681 3456 et
711 3393 859 3456 honorem
891 3393 950 3455 sihi
974 3391 1135 3454 vindicare
1160 3393 1285 3472 poterit,
1321 3397 1353 3452 et

154 3513 217 3556 non
240 3494 425 3570 simulatam,
449 3494 505 3556 sed
530 3511 636 3555 veram
658 3493 887 3575 philosophiam
910 3493 1108 3574 profitebitur
1122 3492 1157 3573 ²).

198 3595 288 3679 §.24
333 3595 464 3678 Regulo
488 3601 608 3671 autem,
641 3613 719 3674 quas
743 3597 905 3676 sequimur
926 3597 957 3656 in
979 3598 1048 3657 iure
1071 3593 1240 3656 artificiose
1263 3607 1352 3654 ccm-

154 3697 312 3779 ponendo,
339 3715 378 3759 ex
391 3697 512 3778 ingenii
524 3697 635 3776 partim
649 3696 772 3759 humani
794 3697 891 3758 forma
908 3695 1077 3776 profluunt,
1100 3695 1212 3776 partim
1236 3694 1351 3774 singu-

154 3800 256 3862 lorum
279 3798 356 3858 iuris
379 3797 583 3858 articulorum
604 3797 745 3876 etipsius
766 3797 813 3858 rei
837 3801 955 3858 naturae
979 3796 1142 3857 inherent.
1188 3793 1255 3856 lllis
1279 3795 1353 3855 uni-

155 3915 258 3962 versae
288 3899 428 3960 soientiae
450 3897 621 3978 descriptio
653 3917 689 3960 ac
710 3896 927 3959 determinatio
950 3896 1138 3971 continetur,
1161 3913 1201 3956 ex
1222 3894 1271 3955 his
1293 3909 1352 3954 cu-

154 4003 269 4080 iusque
289 4000 388 4078 partis
411 3997 577 4061 collocatio
599 4003 630 4060 et
653 4003 797 4059 accurata
822 3995 961 4058 definitio
992 3994 1167 4056 deducitur.
1221 3993 1297 4056 lnde
1321 3998 1352 4054 et

153 4105 222 4182 ipsa
246 4101 324 4162 iuris
349 4099 501 4180 principia
526 4105 557 4161 et
579 4100 723 4162 notiones
751 4115 813 4159 non
836 4092 1033 4158 erftrinsccus
1057 4095 1255 4176 quaerendas
1273 4095 1353 4171 sive,
1452 4143 1455 4148 .

152 4323 225 4362 nune
243 4311 350 4377 plurimi
367 4314 520 4431 sequuntur,
540 4313 569 4359 ut
578 4307 731 4361 Larma'na'or
741 4343 748 4371 ,
769 4306 964 4359 Introduction
979 4303 1110 4372 pdnlrohe
1128 4303 1144 4357 d
1163 4303 1294 4356 l’ha'atoine
1316 4303 1354 4354 du

153 4383 246 4435 Droit.
284 4379 368 4432 Poris
386 4379 400 4430 1
421 4377 463 4431 29.
483 4382 559 4446 chop.
580 4377 606 4431 3.
643 4428 650 4440 ,

190 4447 218 4514 1)
237 4451 277 4504 Of.
297 4451 421 4504 Auctoris
443 4449 623 4518 Philosophia
644 4443 713 4500 sitris
731 4451 901 4500 lineamento
920 4447 1015 4512 sepius
1034 4449 1250 4497 commemorota.

189 4521 218 4588 2)
238 4523 281 4574 rr.
301 4524 325 4574 1.
346 4519 370 4581 §-
390 4520 415 4584 1,
435 4519 459 4572 1·
481 4523 513 4572 D·
535 4516 748 4585 1,1(uceit.).
