3082 4976
256 955 692 1056 lusuruuulouuu
721 954 894 1052 uluuu
924 953 1217 1052 sutuuous

225 1173 235 1188 ·
346 1175 393 1248 nr
412 1175 531 1248 nanus
550 1175 596 1246 rr
621 1172 930 1252 uooursmoruuos
950 1172 1074 1244 imon
1083 1172 1120 1258 1).

673 1355 818 1366 ..-.,-----ι

593 1488 708 1548 PARS
734 1488 886 1546 Pmoun.

212 1667 276 1742 DE
316 1665 480 1740 RERUM
515 1665 762 1742 DIVISIONE
794 1669 854 1740 ΕΤ
890 1661 1261 1757 QUEMADMODUM

294 1789 530 1864 SINGULAE
556 1789 646 1865 RES
675 1789 811 1865 NOBIS
839 1788 1192 1880 AOQUIRUNTUR.
1247 1869 1265 1878 ‘

688 2105 754 2168 uir.
774 2107 796 2168 Ι.

173 2271 238 2338 un
258 2271 463 2340 orunasis
485 2271 637 2338 aunum
656 2269 961 2368 ormsiouraus
984 2269 1041 2334 nr
1062 2267 1123 2333 ua
1145 2267 1302 2351 neom-

385 2381 541 2448 auuon
560 2379 715 2448 anuum
737 2377 1036 2449 rossussroua
1050 2381 1089 2468 p.

254 2489 263 2522 ι
422 2537 491 2590 TIT.
509 2541 531 2590 1.
567 2539 616 2589 Du
634 2537 751 2592 REBUS
771 2534 1054 2590 CORPORALIBUS.
1101 2555 1106 2566 ·
1230 2529 1235 2540 “

182 2671 297 2754 §.uto
341 2672 412 2735 Alia
437 2678 485 2734 est
507 2689 631 2748 rerum,
664 2689 754 2751 quam
778 2687 984 2752 personarum
1008 2671 1040 2730 in
1063 2671 1132 2730 iure
1154 2669 1245 2744 rotie,
1271 2685 1340 2730 eum

139 2773 191 2834 his
215 2773 293 2834 solis
312 2775 380 2835 iura
394 2778 573 2853 competere
585 2775 717 2852 possint.
742 2771 798 2833 Est
809 2777 911 2834 autem
923 2772 971 2832 rei
983 2769 1151 2851 appellatio
1173 2769 1267 2832 latior
1288 2777 1342 2832 aut

138 2873 281 2935 strictior
289 2891 298 2948 3
320 2872 376 2935 illa
398 2879 429 2936 et
449 2890 563 2950 causa,
587 2875 656 2934 iura
678 2879 709 2934 et
731 2871 810 2934 iacta
834 2855 1087 2956 eontinent'uri).
1138 2870 1268 2950 Proprie
1287 2887 1340 2932 res

137 2979 306 3050 vocantur,
333 2990 402 3054 quar
412 2975 559 3055 potestati
583 2973 636 3036 vel
656 2975 717 3035 iuri
734 2991 939 3054 personarum
962 2972 1112 3034 subiectae
1128 2989 1200 3034 esse
1216 2971 1339 3046 solent3

138 3076 204 3136 nisi
215 3074 349 3136 naturali
360 3074 414 3136 vel
430 3074 517 3136 civili
530 3076 651 3137 ratione
664 3075 702 3137 ad
717 3091 903 3154 quemquam
915 3075 1075 3154 pertinere
1089 3072 1339 3154 impediuntur4).

183 3174 297 3256 §.tou
341 3173 536 3238 Universitas
561 3181 664 3237 autem
695 3177 831 3239 omnium
855 3192 979 3250 rerum,
1011 3193 1081 3254 quae
1110 3191 1180 3236 oum
1203 3189 1339 3254 persona
1430 3245 1433 3254 ,

138 3273 274 3354 quadam
297 3276 483 3352 coniuncte,
507 3277 639 3357 eiusque
659 3277 808 3356 potestati
829 3276 981 3337 subiectat
1006 3281 1097 3351 sunt,
1119 3273 1339 3356 patrimonium

140 3375 212 3436 eius
236 3382 379 3453 vocatur,
407 3376 460 3438 vel
485 3376 637 3438 honorum
663 3379 788 3440 nomine
819 3376 1044 3462 appellaturi).
1097 3375 1221 3438 Summa
1242 3374 1341 3456 igitur

140 3493 251 3536 rernm
274 3475 388 3538 divisio
411 3477 477 3539 haec
500 3482 565 3563 est:
596 3477 679 3556 quod
702 3477 771 3538 alim
794 3493 846 3538 res
876 3477 909 3537 in
931 3476 1118 3556 patrimonio
1141 3473 1339 3556 singulorum

140 3593 227 3652 esse,
250 3582 344 3656 atque
356 3595 394 3639 ex
408 3579 500 3638 unius
513 3594 659 3658 personae
671 3583 825 3658 potestate
848 3579 880 3638 in
903 3576 982 3639 alios
1006 3573 1170 3638 transferri
1197 3579 1340 3656 possunt,

139 3678 214 3742 aliae
234 3695 358 3759 semper
376 3683 464 3740 extra
486 3679 702 3758 patrimonium
725 3678 897 3752 hahentur3
924 3677 1007 3740 unde
1020 3677 1112 3739 etiam
1131 3676 1182 3738 vel
1197 3676 1229 3736 in
1251 3693 1340 3738 oom-

138 3780 258 3842 meroio
280 3779 332 3841 vel
356 3784 443 3840 extra
459 3773 678 3841 commercium
690 3795 741 3840 res
764 3796 836 3840 esse
861 3778 1017 3840 dicuntur.
1039 3776 1116 3850 Quae
1139 3778 1170 3838 in
1191 3777 1342 3858 patrimo-

137 3880 195 3942 nio
218 3885 301 3954 sunt,
322 3884 353 3941 et
376 3881 517 3960 pecuniae
539 3879 747 3960 appellatione
769 3877 1021 3966 eontinentnri).
1046 3881 1048 3886 ’

137 3987 339 4003 ..ι-..ἀι-

176 4047 203 4116 1)
222 4049 285 4102 Inst.
305 4049 372 4102 liber
391 4052 411 4102 1.
432 4055 458 4102 at
479 4049 540 4102 Gaii
557 4051 602 4102 lib.
621 4049 655 4102 11.

175 4119 203 4186 2)
223 4120 323 4184 Inat2,
342 4122 357 4174 1
379 4118 426 4186 (de
443 4137 532 4173 rarum
553 4123 682 4174 divisione
701 4124 728 4170 at
746 4121 844 4189 acquir.
864 4134 918 4173 eor.
939 4118 1076 4188 dominio).
1095 4123 1129 4172 D.
1141 4119 1168 4183 1,
1185 4116 1203 4170 8
1224 4116 1270 4185 (de
1289 4133 1340 4172 ror.

138 4189 290 4258 divisione).
330 4193 441 4260 Moysis,
464 4191 594 4244 Eleatem
612 4195 632 4244 I.
652 4189 801 4245 240-252.

174 4261 202 4330 3)
221 4264 264 4314 Fr.
284 4261 308 4316 5.
327 4263 369 4316 23.
388 4267 422 4314 D.
440 4261 483 4326 50,
504 4262 536 4314 16
556 4262 603 4331 (de
622 4265 654 4314 V.
668 4259 716 4328 S.).
735 4281 774 4330 pr.
793 4260 886 4326 1.4‚1
908 4258 956 4328 (de
975 4262 1055 4329 oblig.
1074 4279 1110 4315 ex
1122 4258 1240 4328 deuote).

143 4377 148 4382 .
174 4333 193 4386 4
223 4335 266 4386 Fr.
284 4333 327 4388 49.
346 4337 380 4386 D.
399 4335 461 4386 aod.
479 4336 541 4402 Arg.
561 4333 584 4394 ξ.
603 4332 628 4386 7.
647 4337 668 4386 Ι.
687 4332 712 4386 3.
733 4332 767 4386 15
786 4332 833 4399 (de
853 4335 925 4386 narb.
946 4331 1050 4402 oblig.).
1181 4347 1184 4352 ¹

175 4403 192 4458 5
221 4407 266 4456 Fa.
283 4404 327 4458 49.
345 4405 406 4460 208.
427 4407 460 4458 D.
481 4402 525 4467 50,
543 4405 577 4457 16
595 4403 643 4472 (de
662 4407 695 4456 V.
714 4402 762 4472 S.).

174 4474 190 4527 6
224 4478 266 4528 Pr.
284 4477 305 4529 Ι.
324 4478 350 4542 2,
368 4476 383 4530 1
404 4474 451 4543 (de
471 4477 502 4526 R.
521 4473 577 4541 D.).
598 4477 657 4529 Gai.
677 4475 701 4529 2.
722 4475 745 4536 ἓ.
766 4475 789 4528 1.
809 4477 840 4528 ir.
859 4473 884 4528 5.
905 4491 943 4542 pr.
963 4477 995 4528 fr.
1014 4473 1066 4532 222
1087 4469 1338 4540 (uerutum.

136 4546 162 4608 ἓ.
184 4547 208 4600 1.
225 4549 258 4599 D.
282 4546 324 4612 18,
343 4549 357 4600 1
378 4545 426 4614 (de
443 4548 563 4601 eontrah.
582 4546 667 4616 emt).
