3062 4972
196 337 250 396 828
511 341 712 382 infirmium
733 343 807 382 runt!
826 343 930 382 ΙΟΙΑΙΙ
948 344 1071 384 ”lull-

198 481 347 544 ficiuntur
369 477 417 539 ire
438 481 530 552 sunt,
553 477 666 556 empti,
689 475 828 552 venditi,
851 474 966 552 locati,
988 475 1153 552 conducti,
1175 495 1235 557 pro
1260 477 1355 540 socio
1378 484 1409 540 et

201 579 336 644 mandati
357 579 475 642 directa
499 562 531 641 et
553 581 722 654 contraria,
744 578 857 658 quibus
880 578 1035 640 accedunt
1057 581 1197 641 actiones
1219 597 1260 641 ex
1274 578 1407 641 aedilitio

202 681 306 744 edicto
336 685 368 742 et
398 697 468 760 quae
501 679 540 741 de
570 679 667 742 rebus
701 680 814 742 evictis
845 679 1073 748 conceduntur.
1118 680 1196 744 Sunt
1219 680 1268 742 hae
1297 695 1407 740 omnes

199 786 316 862 preter
337 779 416 842 duas
439 781 646 860 posteriores,
670 780 796 856 civiles,
819 779 909 842 bone
932 779 1016 856 lidei,
1042 787 1075 842 et
1096 788 1230 860 utraque
1255 797 1298 841 ex
1318 784 1408 860 parte

200 881 238 946 ad
263 879 398 944 heredes
419 886 631 944 transeuntes.
1106 863 1110 870 ’

242 981 378 1066 §.nau
422 983 515 1048 Actio
537 985 642 1064 empti,
665 999 723 1046 seu
743 1000 783 1044 ex
806 987 921 1070 empto,
948 997 1018 1060 quae
1041 981 1230 1062 quandoque
1254 981 1408 1042 etiamex
1449 991 1453 998 '

202 1083 332 1146 vendito
353 1083 577 1166 appellatur1),
600 1086 691 1148 datur
715 1085 847 1165 emptori
868 1085 971 1164 pretio
993 1084 1119 1164 integro
1140 1081 1246 1144 soluto
1268 1081 1324 1144 vel
1347 1081 1408 1144 ob·
1505 1155 1506 1158 Ἴ

206 1183 269 1244 lato
295 1189 403 1245 contra
428 1184 635 1262 venditorem,
658 1187 685 1246 si
709 1203 761 1248 res
784 1184 911 1246 vendita
931 1201 1000 1245 curo
1024 1183 1189 1258 fructibus,
1208 1183 1408 1245 accessioni·
1505 1171 1506 1174 ¹

207 1283 265 1346 bus
288 1289 320 1346 et
342 1287 424 1347 omni
447 1304 541 1350 causa
566 1289 595 1349 ei
620 1288 732 1350 tradita
753 1304 815 1349 non
839 1289 891 1362 sit,
913 1292 967 1348 aut
988 1286 1061 1348 boni
1084 1285 1181 1364 patris
1198 1283 1332 1346 familias
1356 1283 1408 1344 ‹ti-
1506 1301 1507 1372 p

203 1381 335 1464 ligentia
355 1386 386 1446 in
407 1405 442 1448 re
458 1388 662 1451 custodienda
687 1390 800 1451 omissa
824 1389 878 1465 sit,
900 1389 931 1449 in
954 1388 984 1450 id
1007 1393 1052 1463 ut,
1066 1386 1149 1465 quod
1166 1384 1340 1446 venditoris
1355 1384 1408 1444 in·
1506 1375 1507 1420 ἶ

205 1489 315 1560 terest,
339 1488 552 1574 praestetur2).
597 1489 723 1552 Venditi
747 1507 846 1566 vero,
880 1491 950 1552 sive
974 1506 1014 1550 ex
1043 1485 1172 1549 vendito
1204 1485 1305 1560 actio,
1335 1499 1407 1563 que

205 1582 394 1664 quandoque
421 1595 586 1670 exempto
609 1595 759 1665 vocatur,
790 1591 938 1670 competit
957 1588 1135 1664 venditori,
1164 1603 1199 1647 re
1222 1583 1353 1645 vendita
1377 1587 1409 1643 et

205 1685 317 1748 tradita
340 1687 390 1748 vel
414 1685 536 1763 obluta,
570 1695 680 1751 contra
703 1695 874 1769 emptorem
903 1687 941 1751 ad
966 1689 1100 1770 pretium
1125 1704 1194 1748 cum
1227 1685 1335 1747 usuris
1368 1699 1409 1744 ex

203 1792 360 1850 momento
386 1788 563 1852 traditionis
596 1790 685 1854 iactae
714 1792 744 1852 ei
773 1790 888 1852 debitis
917 1789 1175 1870 consequendum
1198 1791 1229 1848 et
1251 1782 1406 1865 quidquid

204 1890 303 1949 actori
326 1906 365 1949 ex
388 1905 479 1968 aequo
501 1895 532 1952 et
554 1890 637 1953 hono
659 1893 802 1972 praestari
822 1893 998 1976 oporteti).

246 1988 383 2068 §.1154
428 1989 544 2052 Eadem
568 1993 691 2055 actione
713 1992 860 2056 venditor
880 1993 1019 2072 experiri
1041 1991 1147 2064 debet,
1170 1991 1223 2070 qui
1247 1989 1332 2051 ultra
1353 1988 1408 2050 di·
1508 1989 1509 1998 ’

203 2087 330 2150 midium
361 2089 456 2154 loesus
487 2090 539 2153 vel
558 2093 630 2154 -alia
654 2111 694 2154 ex
724 2111 817 2156 causa
843 2098 1036 2156 contractum
1058 2089 1243 2154 rescindere
1264 2090 1352 2169 cupit
1366 2089 1408 2174 ⁴).

205 2188 237 2252 Si
260 2191 292 2252 in
315 2189 395 2253 diem
420 2191 556 2256 addictio
579 2193 659 2256 lacta
689 2195 730 2256 sit
757 2194 809 2256 vel
833 2193 885 2256 lex
915 2193 1128 2256 commissoria
1156 2191 1299 2266 adiecta,
1333 2189 1409 2271 lege
1509 2249 1510 2264 ,

208 2297 389 2354 contractus
414 2295 589 2372 commissa,
614 2295 762 2358 venditor
784 2295 907 2379 eligere
928 2301 1050 2376 potest:
1084 2301 1187 2356 utrum
1213 2309 1252 2353 ex
1276 2290 1409 2352 vendito

205 2409 304 2476 agere
327 2391 416 2469 velit,
440 2413 478 2456 an
500 2413 566 2456 rem
588 2396 753 2476 inemptam
776 2395 994 2481 vindicaret).
1029 2394 1063 2456 ld
1084 2393 1167 2474 quod
1185 2393 1331 2468 interest,
1353 2389 1409 2453 illa

205 2497 322 2566 tantum
345 2494 468 2557 actione
491 2499 643 2577 consequi
665 2500 831 2584 potasti),
863 2499 936 2560 item
966 2503 997 2560 et
1026 2499 1184 2578 impensas
1213 2501 1244 2558 et
1267 2495 1404 2555 tructus.
1510 2569 1511 2590 ,

204 2590 253 2653 Ex
273 2593 397 2656 actione
422 2594 474 2656 vel
495 2595 670 2659 hereditate
692 2597 820 2660 vendita
846 2601 979 2680 emptori
1001 2597 1095 2660 utiles
1118 2599 1258 2660 actiones
1283 2611 1406 2657 conce-

206 2692 323 2755 duntur
349 2694 401 2756 tel
423 2695 604 2777 specialiter
625 2700 725 2778 ipsius
749 2699 924 2762 venditoris
956 2701 1115 2776 actiones,
1145 2700 1173 2760 si
1198 2699 1228 2760 ei
1250 2695 1406 2760 mandate

207 2791 377 2882 fuerintl).
1445 2865 1453 2886 ³

248 2893 386 2974 §.1155ss
429 2893 628 2976 Emptoribus
652 2905 805 2978 preterea
828 2899 932 2977 edicto
956 2898 1104 2963 AEdiliurn
1126 2896 1283 2960 curulium
1306 2915 1407 2960 cave-

206 2997 269 3068 tur,
292 2999 326 3054 ut
347 3003 533 3064 occurratur
555 2999 688 3062 fallaciis
712 3001 927 3076 vendentium,
949 3001 1040 3062 sires
1056 2999 1264 3074 tradiderunt,
1290 2998 1406 3078 quibus

209 3093 285 3155 vitia
309 3093 437 3160 latentia
460 3099 633 3181 adhaerent,
655 3101 707 3164 vel
721 3103 882 3182 promissae
894 3101 1060 3182 qualitates
1079 3101 1194 3162 desunt
1204 3099 1240 3180 8).
1273 3097 1407 3160 ‘Edilcs

208 3193 248 3256 de
272 3197 434 3278 mancipiis
458 3205 490 3261 et
518 3193 663 3262 iumentis
688 3201 825 3264 venditis
852 3202 1032 3276 edixerant,
1064 3198 1190 3278 siquid
1220 3201 1252 3260 in
1277 3215 1406 3278 quoquo

208 3311 317 3359 eorum
346 3299 446 3361 morbi
474 3303 606 3384 vitiique
635 3309 721 3365 esset
733 3304 772 3390 ⁹).
816 3303 1006 3368 Prudentum
1028 3305 1287 3384 interpretatione
1310 3301 1408 3364 edicti

215 3395 416 3414 ..ἡ-ι·-

242 3451 271 3522 1)
290 3457 350 3522 Dig.
370 3455 412 3520 19,
434 3455 457 3508 1.
477 3458 509 3508 fr.
526 3455 553 3520 4,
571 3457 607 3510 49
627 3457 674 3525 (de
693 3461 843 3513 actionibus
857 3463 936 3530 empti
947 3453 983 3514 ‘at
1000 3459 1122 3528 venditi).
1160 3461 1291 3512 Vaticana
1310 3461 1408 3526 fragm.

206 3529 244 3579 tit
264 3528 278 3578 1
301 3525 349 3592 (ex
362 3533 455 3595 ¹empto
481 3534 508 3578 et
525 3529 655 3594 vendito).

245 3595 273 3662 2)
292 3598 335 3650 Fr.
356 3597 380 3650 1.
399 3617 438 3666 pr.
457 3601 489 3649 fr.
509 3599 551 3651 11.
570 3617 608 3666 pr.
628 3600 651 3660 ἐ.
671 3599 696 3652 2.
714 3601 739 3654 9.
760 3599 803 3654 10.
823 3605 854 3654 fr.
874 3602 917 3657 13.
937 3604 960 3666 ἓ.
979 3602 1005 3656 8.
1026 3604 1051 3657 9.
1065 3602 1108 3656 10.
1126 3601 1169 3656 85.
1192 3601 1311 3654 1).h.t.
1337 3599 1362 3662 ἓ.
1382 3599 1407 3654 3.

208 3671 229 3720 1.
249 3668 292 3732 23,
313 3668 330 3721 3
349 3669 396 3736 (de
417 3677 496 3736 empt.
516 3678 543 3724 et
558 3670 660 3739 vend).

242 3739 270 3806 3)
289 3741 331 3792 Fr.
352 3739 394 3793 13.
415 3741 438 3801 ἕ.
459 3741 579 3796 19.·-25.
599 3747 630 3795 fr.
649 3741 691 3796 25.
710 3745 744 3797 D.
763 3745 790 3797 h.
809 3752 826 3797 t.
845 3763 868 3797 c.
887 3743 912 3798 5.
937 3744 979 3798 13.
999 3747 1107 3800 (10011.

138 3813 139 3816 ’
242 3807 272 3875 4)
292 3812 321 3862 0.
340 3811 365 3864 2.
386 3812 427 3864 11.
448 3813 477 3864 G.
497 3812 524 3877 4,
542 3813 579 3867 44
599 3813 647 3875 (de
664 3817 777 3868 rescind.
796 3814 899 3884 vend).

244 3879 272 3946 5)
291 3882 380 3970 114.
399 3883 421 3943 ἓ.
443 3883 468 3936 3.
489 3887 522 3936 Ι).
545 3883 587 3948 18,
606 3885 623 3937 2
642 3885 686 3953 (de
703 3888 731 3938 in
751 3887 820 3940 diem
840 3888 999 3956 addtuone).
1024 3891 1055 3940 ir.
1078 3887 1103 3940 8.
1128 3891 1161 3940 D.
1179 3886 1223 3964 18,
1242 3885 1259 3938 3
1279 3881 1327 3952 (da
1345 3887 1409 3952 lage

209 3951 546 4089 aemunitate
561 3955 1220 4100 titana,atz.avl·.;lvtl.
1239 4021 1341 4080 1....

205 4097 316 4149 reddito
334 4112 382 4162 pro
402 4099 531 4151 redditur
545 4101 688 4167 legendum
707 4117 766 4154 esse
784 4104 896 4156 videtur.

243 4167 272 4233 7)
292 4169 320 4219 Ο.
340 4164 365 4218 7.
384 4165 410 4218 8.
429 4170 474 4220 ult.
495 4171 524 4221 Ο.
543 4170 570 4234 4,
590 4171 625 4223 39
644 4170 691 4238 (de
710 4175 815 4226 actione
834 4173 963 4240 vendita).
981 4178 1013 4228 ir.
1025 4173 1050 4227 8.
1069 4173 1093 4234 1.
1103 4175 1150 4226 ult.
1169 4175 1203 4223 Ι).
1222 4167 1265 4234 1⁷,
1286 4167 1300 4220 Ῑ
1320 4165 1412 4236 (m‘

210 4238 287 4300 dati).
342 4239 413 4289 Vide
431 4256 510 4305 supra
530 4241 553 4300 ἓ.
574 4240 635 4294 885.

244 4307 272 4375 8)
292 4312 352 4376 Dig.
373 4309 415 4372 21,
435 4310 458 4360 1.
478 4312 506 4362 O.
524 4311 551 4375 4,
570 4310 605 4364 58
628 4313 675 4381 (de
693 4316 799 4366 aedilitio
820 4316 906 4368 edicto
923 4323 950 4368 et
967 4317 1146 4368 redhibitione
1165 4319 1192 4366 ct
1207 4310 1303 4382 quanti
1323 4310 1411 4361 mino-

213 4379 269 4446 ris).
312 4381 521 4446 Unterholaner,
541 4384 643 4438 Archia
654 4390 708 4456 fiir
727 4387 913 4440 (livii-Procri
930 4395 949 4440 t.
967 4387 993 4440 6.
1014 4406 1040 4455 p.
1060 4384 1202 4440 61.-110.

244 4449 273 4516 9)
292 4453 382 4504 Verba
400 4453 479 4504 edicti
498 4455 581 4506 habes
599 4457 627 4506 in
643 4459 674 4509 fr.
696 4459 720 4510 1.
739 4457 761 4517 ξ.
775 4459 799 4510 1.
818 4459 850 4510 fr.
869 4458 894 4512 3.
912 4477 952 4526 pr.
971 4462 1004 4512 ir.
1022 4456 1146 4512 40.-42.
1164 4458 1198 4508 D.
1218 4453 1280 4507 eod.
1297 4470 1323 4505 a.
1337 4449 1411 4504 Van-

207 4538 296 4588 μονον
316 4525 363 4576 111.
384 4525 406 4585 ἓ.
426 4523 487 4578 609.
525 4525 628 4593 Moyses
646 4529 679 4580 11.
701 4528 724 4588 §-
743 4526 805 4582 187.
