3062 4972
216 335 271 392 aon
478 319 486 336 ⁸
540 347 743 386 rarrrrurrorer
763 345 837 386 runis
857 345 960 386 neem
980 348 1098 390 rerrarr.

218 477 373 554 oriunda,
396 475 497 542 veluti
509 495 550 540 ex
562 477 636 541 dato
649 475 929 558 velexpeneilato,
952 493 991 542 en
1002 480 1165 562 stipulatu,
1189 487 1420 548 extestamen-

217 583 249 643 to
259 581 296 662 ¹),
311 581 382 642 sive
393 579 471 640 certi
483 578 535 642 vol
549 579 581 640 ia
593 581 671 640 certi
682 584 750 642 crat
764 579 922 642 condictio
933 582 991 642 i.e.
1003 583 1073 642 sive
1090 583 1121 643 in
1136 581 1267 646 lormula
1280 586 1312 646 in
1328 586 1420 647 ciue-

218 683 301 748 modi
319 681 374 745 lite
399 687 551 762 concepta
574 680 790 744 condemnatio
815 685 911 744 certra
931 682 983 743 uel
1005 683 1137 744 incertae
1157 689 1225 746 arat
1246 685 1417 774 pecuniae).

258 785 290 848 Si
312 789 408 846 certa
422 789 509 846 eseot
532 785 674 864 pecunia
696 783 717 844 i.
734 801 763 844 e.
785 784 813 845 si
834 788 920 844 carta
941 783 1086 862 pecunia,
1108 784 1209 846 veluti
1222 785 1333 864 millia,
1357 803 1417 869 pc-

216 885 352 960 tebatnr‚
374 883 508 946 iudicem
523 888 640 946 tantum
655 881 804 946 decidere
824 883 1000 963 oportebat,
1023 899 1062 945 an
1087 885 1169 964 quod
1192 888 1324 966 potitum
1351 893 1419 951 erat

215 986 406 1062 deberetur,
442 989 475 1047 ct
506 999 594 1046 reum
624 1001 729 1064 neque
758 984 885 1044 maioris
909 1001 1014 1063 neque
1042 985 1172 1046 minoris
1194 1003 1311 1048 summa
1337 1005 1418 1050 con-

217 1089 377 1162 demnare,
398 1085 538 1165 alioquin
561 1084 646 1147 litem
667 1101 755 1147 suam
777 1083 911 1145 iaciebat
923 1083 951 1168 ²)
963 1091 973 1156 ς
995 1085 1022 1144 si
1047 1086 1186 1162 incertae,
1206 1093 1364 1166 preterea
1387 1093 1418 1150 et

216 1187 302 1252 litem
315 1189 470 1252 ardmore
483 1185 607 1260 debuit;
630 1187 652 1246 i.
663 1203 691 1247 o.
704 1202 762 1266 pro
778 1183 920 1246 tornulo
933 1187 1149 1265 conceptione,
1171 1187 1198 1248 si
1211 1187 1330 1248 intinita
1348 1195 1417 1249 erat

215 1291 445 1363 condemnatio,
468 1288 576 1368 quanti
601 1286 819 1364 arbitraretur,
840 1287 869 1347 ei
891 1302 961 1348 cum
982 1286 1144 1349 amimae
1163 1289 1224 1349 ia.
1247 1305 1317 1350 cum
1330 1301 1416 1369 prm-

214 1393 356 1456 linitione
375 1395 452 1467 crat,
474 1407 536 1451 non
558 1387 640 1451 ultra
663 1405 810 1451 summam
832 1406 849 1450 a
868 1381 1053 1469 magistratu
1075 1391 1106 1450 in
1127 1388 1259 1452 formula
1279 1405 1418 1471 expres-

214 1511 279 1557 sam
301 1491 510 1555 condemnare
533 1489 643 1552 debuit
653 1491 689 1571 8).
1262 1547 1267 1554 ,

255 1599 286 1676 ξ.
300 1593 392 1660 1058.
436 1591 531 1656 Bono
563 1592 634 1656 lidei
663 1592 813 1656 iudicium
844 1597 929 1668 orat,
962 1591 1089 1678 quando
1120 1591 1333 1656 demonstrato
1367 1613 1417 1671 eo,

213 1693 298 1777 quod
320 1696 404 1756 inter
424 1693 585 1776 litigantes
606 1699 707 1756 actum
731 1699 811 1768 erat,
833 1693 901 1755 baec
923 1694 955 1754 in
978 1691 1110 1754 lormula
1128 1693 1417 1756 inserebaturieris

214 1796 365 1858 intentio:
387 1793 534 1875 quidquid
556 1793 594 1857 ob
619 1811 686 1856 eum
707 1796 808 1856 uotori
828 1793 906 1855 dore
924 1793 1034 1873 socero
1058 1799 1179 1873 oportet
1200 1812 1241 1857 co
1255 1791 1317 1873 fide
1332 1793 1417 1857 borao

97 1939 103 1948 ·
215 1898 299 1959 eius:
329 1904 383 1959 aut
401 1903 547 1976 quantum
567 1897 685 1977 apator
707 1895 836 1970 mdiu,
864 1901 918 1958 aut
937 1901 971 1956 ut
990 1896 1072 1957 ictor
1099 1894 1197 1958 bonos
1222 1895 1298 1958 bene
1326 1899 1416 1974 opica·

212 2003 336 2078 oportet
356 2004 387 2058 ct
412 1997 479 2058 aiae
498 1997 699 2078 [carantam
711 1999 752 2085 ⁴).

256 2099 291 2162 ln
314 2099 363 2161 bis
386 2099 512 2161 iudiciis
537 2099 636 2162 libera
659 2104 800 2181 potestas
821 2099 958 2179 permitti
988 2098 1116 2162 videtur
1141 2100 1238 2163 iudici
1265 2113 1305 2160 ex
1327 2091 1413 2160 borlo

214 2205 247 2262 ct
267 2217 359 2279 aquo
382 2200 558 2275 estimare,
590 2205 738 2280 quantum
761 2200 860 2262 actori
881 2201 1007 2262 restitui
1028 2199 1142 2262 debeat
1155 2201 1195 2285 ὓ).
1248 2201 1350 2282 igitur
1381 2203 1412 2260 et

212 2298 293 2362 iliad
325 2302 394 2362 eius
425 2305 580 2381 potestate
612 2300 811 2376 continetur,
848 2305 884 2360 ut
913 2301 941 2361 si
971 2300 1046 2380 quid
1089 2301 1225 2362 invicem
1260 2301 1412 2382 prestare

214 2405 351 2464 acmrcm
373 2406 516 2481 oportet,
540 2419 579 2464 eo
602 2406 804 2482 compensato
826 2402 858 2463 in
884 2399 1042 2482 reliquum
1063 2401 1108 2479 is,
1132 2417 1201 2464 cam
1223 2417 1287 2483 quo
1309 2408 1411 2465 actum
1511 2397 1512 2441 1

216 2508 275 2580 est,
298 2503 413 2566 debeat
435 2503 687 2590 condemnarit).
808 2509 816 2514 '

255 2603 393 2684 31059.
437 2602 524 2665 lntcr
546 2604 653 2665 stricta
680 2607 713 2664 et
732 2603 823 2667 bone
843 2603 915 2666 lidei
937 2603 1053 2666 iudicia
1074 2609 1227 2684 preterea
1250 2601 1319 2665 beo
1339 2608 1412 2665 sunt

214 2701 394 2766 discrimina
407 2702 450 2790 ²):
481 2703 566 2784 quod
588 2703 621 2765 in
643 2701 708 2766 illis
730 2709 793 2766 non
817 2703 856 2766 ad
878 2703 970 2766 aliam
1000 2704 1217 2784 exceptionem
1248 2703 1411 2766 attendere

214 2803 331 2866 licebat
344 2803 452 2880 iudici,
476 2804 620 2883 quomod
636 2823 714 2880 eam,
738 2821 808 2884 quaa
822 2806 854 2866 in
870 2803 1003 2866 formula
1017 2805 1118 2884 posita
1135 2809 1202 2866 erat
1212 2805 1253 2892 ⁸),
1278 2810 1309 2866 et
1327 2803 1410 2884 quod

214 2907 313 2966 actori
341 2909 414 2984 post
436 2904 523 2966 litem
545 2909 663 2967 tantum
686 2911 890 2968 contestatam
918 2906 966 2968 rei
996 2921 1090 2968 causa
1111 2905 1286 2988 praestanda
1310 2910 1359 2966 est
1379 2908 1410 2968 in

214 3003 309 3080 diem,
332 3022 395 3084 quo
418 3005 574 3068 sententia
597 3003 768 3092 dicitur⁰):
792 3007 823 3069 in
845 3005 895 3068 bis
917 3023 996 3070 vero
1019 3003 1084 3070 doli
1105 3007 1188 3087 pacti
1211 3007 1361 3070 converlti
1381 3009 1412 3068 et

248 3175 277 3238 1)
299 3178 358 3231 Gai.
377 3175 566 3232 1V.49.-52.
587 3176 647 3231 136.
748 3175 776 3244 2)
800 3179 859 3232 Gai.
878 3181 896 3230 l.
915 3197 938 3232 o.
957 3179 979 3240 fi.
998 3177 1041 3232 52.
1127 3183 1130 3188 '

248 3246 276 3316 3)
297 3251 357 3303 Gai.
375 3249 398 3308 5.
417 3245 459 3303 51.
496 3251 658 3317 Exemplum
680 3256 755 3302 extat
780 3251 808 3302 iu
829 3269 851 3303 o.
870 3249 895 3302 3.
913 3252 941 3302 in
962 3253 980 3302 1.
1000 3251 1028 3303 C.
1047 3247 1074 3313 8,
1091 3247 1127 3304 39
1152 3247 1198 3317 (de
1215 3249 1281 3301 inni
1301 3245 1411 3316 stipat).
1510 3249 1511 3326 ,

213 3322 261 3372 ubi
287 3324 338 3384 „de
364 3321 591 3375 condemnatione
618 3329 727 3374 tumetra
750 3325 918 3390 quantitatis
940 3325 972 3376 ob
997 3321 1110 3375 incertae
1128 3324 1245 3373 ectwnr'e
1269 3319 1411 3386 effeetum‘*

211 3398 252 3445 eet
268 3409 362 3445 sermo.

246 3461 278 3528 4)
297 3464 439 3520 Fornulos
470 3464 550 3516 nobie
572 3464 696 3515 'semovit
720 3463 814 3515 Cicera
840 3465 875 3515 da
897 3463 991 3516 officiis
1014 3463 1061 3514 IIl.
1090 3479 1113 3514 o.
1132 3459 1255 3513 15.-17.
1312 3461 1412 3528 Topica

216 3551 238 3586 o.
258 3531 301 3588 17.
320 3535 449 3602 Epistola
465 3535 502 3586 od
514 3535 566 3586 div.
581 3536 637 3586 VII.
648 3535 691 3588 12.
712 3535 765 3586 Gir.
785 3541 813 3587 et
834 3535 892 3588 (lai.
910 3532 936 3587 4.
957 3531 1113 3595 §.ti-51.
1131 3533 1193 3583 Vol.
1207 3533 1281 3584 Max.
1300 3531 1376 3585 vm.
1387 3532 1413 3584 3.

212 3623 241 3658 ιι.
258 3605 283 3658 1.
302 3609 335 3658 r'r.
354 3605 379 3658 8.
399 3607 428 3658 G.
447 3603 474 3670 4,
492 3603 509 3658 ὅ
527 3603 576 3670 (de
595 3620 653 3672 cup.
673 3603 758 3672 mim).
780 3609 811 3658 l'r.
829 3605 872 3658 66.
892 3606 915 3666 §c
934 3604 960 3658 7.
978 3608 1012 3658 D.
1032 3602 1078 3669 24,
1092 3603 1112 3657 3
1127 3601 1188 3670 (eol.
1208 3602 1296 3670 mir).
1324 3619 1350 3656 c.
1368 3621 1412 3656 un.

214 3675 239 3736 d·
259 3677 284 3730 2.
303 3679 333 3730 0.
352 3677 379 3742 is,
396 3676 430 3730 13
449 3675 499 3742 (de
517 3677 640 3743 exetipul.
659 3674 727 3742 alt).

248 3745 276 3812 5)
295 3753 320 3814 ξ.
338 3749 381 3803 30.
402 3750 423 3799 b
441 3751 470 3801 h.
487 3753 505 3800 t.
526 3748 586 3799 Gai.
604 3746 630 3801 4.
650 3747 674 3808 Β.
692 3747 736 3801 61.
754 3746 797 3800 63.
835 3747 1005 3800 Tantundem
1021 3747 1050 3798 in
1067 3748 1147 3798 bona
1162 3746 1229 3798 fidei
1249 3744 1358 3797 iudiciis
1374 3746 1411 3796 oi·

213 3819 303 3870 licium
322 3821 421 3873 iudicia
437 3821 518 3883 ualet,
540 3825 669 3890 quantum
687 3821 715 3871 iu
732 3821 905 3887 stipulatione
922 3819 1079 3871 nominatim
1099 3819 1157 3870 ebra
1174 3817 1214 3869 rei
1238 3819 1314 3868 raca
1331 3817 1411 3868 intar-

213 3893 326 3956 rogabo.
345 3893 422 3943 Paul,
444 3894 471 3943 iu
491 3895 523 3942 ir.
541 3889 567 3943 7.
586 3893 619 3943 D.
638 3890 665 3954 3,
685 3890 702 3943 5
720 3889 769 3956 (de
787 3908 846 3958 neg,
866 3889 963 3958 gaet.);
980 3905 1017 3942 et
1035 3891 1105 3941 euim
1123 3893 1262 3957 quaeunt
1286 3889 1371 3939 morie
1389 3891 1413 3938 et
1509 3955 1510 3960 Ἰ

213 3964 413 4016 aomoudmtc
430 3964 460 4014 ln
477 3963 504 4013 b.
523 3964 541 4014 f.
560 3963 616 4015 iud.
635 3963 737 4015 debant
755 3965 854 4016 maire
892 3963 954 4030 Ulp.
968 3963 996 4013 in
1014 3964 1047 4014 ir.
1065 3958 1110 4012 31.
1127 3961 1150 4020 d.
1168 3958 1213 4012 20.
1229 3957 1345 4022 1).21,1
1367 3956 1414 4022 (de

248 4102 277 4170 6)
298 4104 555 4157 Condemnationem
572 4106 600 4157 in
617 4106 650 4157 iis
670 4105 776 4157 incortae
797 4105 878 4156 fuisse
896 4103 1029 4170 pecuniae,
1048 4099 1171 4152 dubitare
1187 4115 1242 4150 non
1259 4101 1340 4151 liesie
1365 4093 1414 4152 sed
1509 4093 1510 4118 ¹

211 4191 247 4226 an
264 4178 351 4243 potuit
371 4191 404 4228 ea
424 4192 483 4229 esea
502 4193 562 4228 oum
580 4177 739 4228 taxatione?
766 4175 960 4227 Affirmandum
977 4175 1030 4226 boo
1048 4172 1164 4224 ridetur.
1188 4187 1213 4222 o.
1228 4167 1256 4222 4.
1283 4172 1314 4224 O.
1331 4168 1360 4234 4,
1378 4169 1413 4223 49
1509 4209 1510 4218 ,

211 4244 259 4312 lde
278 4254 329 4300 aot·
347 4247 450 4315 empti).
1260 4237 1268 4285 1

246 4316 276 4384 i)
297 4320 394 4372 Omnia
414 4319 482 4371 iuter
499 4318 526 4370 b.
544 4321 563 4370 1.
582 4321 609 4370 ot
627 4323 671 4371 etr.
690 4317 739 4370 lur.
764 4318 885 4370 cadauer
905 4317 1056 4368 discrimina
1073 4313 1193 4380 explicat
1211 4329 1236 4364 c.
1262 4311 1415 4377 Vesper-ere
1509 4369 1510 4394 ,

209 4388 420 4531 2833&qu
437 4461 491 4513 hee
509 4475 545 4512 ex
565 4460 625 4512 Gai.
642 4458 668 4513 4
688 4460 714 4521 ἓ.
730 4456 852 4512 64.·-65.
872 4465 901 4512 et
918 4457 940 4519 ἐ.
959 4455 1003 4511 30.
1022 4459 1043 4510 1.
1062 4457 1089 4508 h.
1108 4461 1127 4508 t.

245 4533 275 4600 9)
294 4535 338 4585 Fr.
357 4531 383 4585 3.
404 4531 427 4594 ἐ.
445 4531 469 4585 1.
489 4533 523 4584 Ι).
544 4529 621 4596 22,1
642 4529 689 4600 (de
708 4527 806 4596 usuc),
