3062 4972
576 313 655 350 istm
675 312 717 351 111.
739 311 797 352 GM.
809 311 845 348 Ἡ.

649 577 716 640 cll.
737 578 781 642 tl.

111 783 177 848 DE
201 779 584 850 OBLIGATIONIBUS
608 779 715 862 QUAE
737 781 798 845 EX
813 779 1020 848 DELICTIS
1035 779 1317 850 NASOUNTUR.

307 1015 310 1028 ι
387 986 455 1038 ΤΙΤ.
475 987 495 1038 l.
532 987 581 1037 DE
601 985 768 1038 DELIOTIS
790 987 999 1038 consulum
1012 985 1040 1054 ¹).

161 1145 276 1228 §.son
322 1142 465 1205 Omnium
490 1143 629 1223 gentium
654 1143 724 1202 iure
747 1139 861 1203 delicta
884 1159 942 1222 pro
966 1142 1192 1225 obligationum
1215 1149 1319 1211 causis

115 1246 271 1309 habentur
288 1245 327 1330 ²).
373 1244 452 1306 Sunt
480 1247 583 1304 autem
611 1239 721 1303 delicto
748 1243 819 1303 sive
849 1241 999 1304 maleficia
1024 1245 1125 1306 omnia
1147 1244 1227 1308 lacta
1248 1247 1318 1309 inre

116 1346 296 1428 reprobata,
322 1343 436 1425 quibus
460 1343 592 1405 aliorum
615 1344 682 1405 iura
698 1343 864 1419 laeduntur,
886 1346 956 1405 sive
976 1343 1062 1424 quod
1088 1345 1219 1408 alterius
1240 1367 1319 1432 per-

120 1463 208 1512 sonae
232 1447 347 1508 iniuria
370 1443 414 1521 fit,
438 1446 508 1506 sive
522 1444 605 1524 quod
629 1444 720 1506 bonis
746 1445 814 1505 eius
837 1443 981 1506 damnum
1002 1443 1104 1508 datur.
1149 1445 1225 1510 Cum
1249 1467 1318 1511 om-

118 1549 170 1609 nis
198 1548 276 1609 iuris
305 1547 405 1610 nostri
430 1545 519 1608 laesio
543 1547 671 1607 iustitie
693 1547 858 1636 praeceptis
884 1544 1072 1607 adversetur
1093 1547 1230 1629 ideoque
1252 1549 1317 1612 tol-

117 1647 212 1710 lenda
234 1649 286 1725 sit,
310 1647 402 1709 datur
424 1647 515 1710 nohis
538 1652 647 1709 contra
672 1645 781 1709 delicti
802 1663 888 1708 reum
910 1648 1002 1724 actio,
1027 1665 1088 1728 qua
1111 1649 1319 1732 obligationis

118 1748 282 1810 vinculum
309 1747 455 1810 efficitur.

163 1852 194 1932 §-
212 1848 285 1913 966.
330 1847 389 1921 Qui
416 1847 549 1914 aliorum
576 1847 658 1910 bona
691 1846 803 1910 damno
832 1846 990 1924 afficiunt,
1029 1849 1098 1910 eius
1131 1850 1318 1913 restituendi

119 1951 312 2013 necessitate
336 1949 587 2032 adstringuntur,
613 1950 666 2029 qui
689 1965 833 2030 personae
858 1948 970 2012 alienae
992 1949 1209 2012 contumeliam
1235 1951 1320 2014 inle-

122 2057 209 2128 runt,
232 2067 351 2135 poenas
375 2051 450 2113 dare
476 2055 643 2132 coguntur.
677 2049 754 2112 Sunt
767 2050 865 2131 igitur
888 2049 1029 2111 actiones
1052 2068 1092 2112 ex
1113 2050 1229 2113 delicto
1252 2055 1322 2115 ori·-
1399 2031 1404 2044 ⁸

117 2152 213 2214 unde
244 2158 299 2214 aut
323 2153 370 2213 rei
404 2157 457 2214 aut
485 2167 586 2231 poenae
614 2149 844 2230 persequendas
874 2150 978 2231 gratia
1007 2156 1201 2231 comparate.
1248 2152 1322 2216 Cum

117 2259 223 2315 nutem
248 2251 362 2315 delicta
383 2253 462 2328 sint,
488 2251 602 2332 quibus
626 2269 687 2313 non
712 2250 812 2312 solum
835 2250 1066 2330 patrimonium,
1091 2268 1201 2312 verum
1231 2255 1324 2315 etiam

122 2369 262 2434 persona
294 2353 425 2416 alterius
448 2352 621 2428 laedantur,
655 2351 773 2431 duplici
802 2356 932 2431 propter
961 2351 1082 2413 lacinus
1110 2352 1324 2416 satisfactione

124 2470 206 2535 opus
229 2461 297 2530 est;
325 2473 459 2536 cumque
486 2456 518 2516 in
541 2453 631 2516 finem
661 2458 715 2514 aut
740 2452 811 2514 due
833 2453 946 2514 dantur
967 2454 1107 2515 actiones
1130 2456 1187 2530 rei,
1211 2470 1326 2533 perse-

124 2558 248 2619 cutoria
276 2556 392 2634 altera,
424 2555 523 2619 altera
553 2555 706 2636 poenalis,
738 2559 792 2614 aut
815 2571 878 2614 una
901 2560 1021 2616 tantum
1043 2554 1099 2616 sed
1123 2555 1235 2642 mixta,
1266 2571 1327 2634 qua

123 2657 251 2733 tamid,
275 2658 357 2738 quod
380 2676 398 2720 e
421 2657 607 2738 patrimonio
631 2661 739 2719 nostro
763 2655 868 2731 altest,
892 2672 984 2734 quam
1007 2673 1128 2736 paenam
1149 2657 1320 2736 persequi-

123 2758 249 2818 mur³.
1207 2777 1208 2782 ¹

170 2861 200 2940 ξ.
214 2759 286 2922 467.
330 2859 378 2921 Ex
400 2858 516 2922 delicto
538 2860 678 2920 actiones
699 2857 768 2920 alie
790 2857 902 2919 civiles
920 2857 989 2918 alia
1008 2857 1183 2920 honorariae
1197 2859 1326 2948 sunt⁴);

126 2959 160 3018 in
185 2957 233 3020 his
257 2959 298 3020 ita
325 2959 485 3022 definitum
508 2965 573 3036 est,
598 2964 632 3020 ut
654 2975 723 3038 quae
743 2961 790 3020 rei
812 2959 1064 3038 persecutionem
1086 2961 1258 3036 continent,
1280 2960 1329 3023 hae
1356 2953 1358 2958 ’

127 3057 220 3120 etiam
242 3063 313 3138 post
327 3077 440 3122 annum
458 3059 584 3136 dentur,
607 3061 822 3122 caeteraeintra
843 3060 1006 3145 annuml).
1031 3059 1087 3122 Rei
1104 3063 1330 3142 persecutoria>

127 3159 271 3221 actiones
294 3159 325 3220 in
348 3160 491 3240 simplum
516 3164 675 3240 concepte
695 3165 768 3238 sunt
789 3158 932 3240 poenales
956 3165 987 3220 et
1009 3162 1111 3222 mixte
1135 3162 1166 3222 in
1190 3161 1329 3242 duplum,

126 3258 254 3339 triplum
277 3265 331 3321 aut
351 3260 576 3342 quadruplum;
600 3261 778 3324 honorariae
799 3260 952 3335 actiones,
977 3277 1047 3339 quae
1061 3262 1109 3322 rei
1131 3264 1332 3341 persecutio-

125 3376 200 3420 nem
223 3361 394 3436 continent,
415 3367 446 3422 et
467 3365 539 3442 post
560 3377 673 3424 annum
696 3363 876 3440 competunt
887 3359 925 3442 6).

170 3457 217 3519 Ex
239 3458 392 3522 maleficio
423 3461 597 3523 actionibus
619 3462 710 3523 etiam
733 3459 899 3521 interdicta
916 3459 1055 3540 quaedam
1078 3463 1330 3525 connumeranda

129 3563 216 3634 sunt,
239 3558 339 3621 veluti
363 3578 398 3622 ca
422 3578 492 3642 que
514 3561 738 3642 recuperandae
758 3561 971 3640 possessionis
996 3579 1090 3626 causa
1111 3561 1275 3646 danturl).

172 3662 204 3742 ξ.
217 3659 288 3724 968.
334 3659 431 3723 Omne
457 3659 605 3724 delictum
630 3659 712 3724 facto
733 3658 839 3741 aliquo
860 3662 880 3723 i.
896 3679 924 3723 e.
949 3659 1093 3725 iaciendo
1107 3663 1328 3736 committitur3

127 3817 330 3832 m

165 3915 194 3988 1)
215 3919 274 3972 Gai.
294 3921 342 3972 Ill.
362 3915 422 3970 182.
442 3935 496 3986 seq.
515 3918 535 3968 1.
554 3915 581 3982 4,
603 3915 627 3968 1.
646 3919 680 3968 D.
698 3916 743 3980 47,
763 3915 777 3968 1
797 3915 836 3982 (h.
855 3915 895 3983 1.).

164 3989 195 4058 2)
215 3991 268 4044 Olr.
289 3991 406 4042 auctoris
424 3989 605 4056 Plta'lotoplu‘ae
623 3992 693 4042 c'nro'o
713 3991 927 4042 delineationem
943 3986 967 4048 ἓ.
982 3987 1043 4042 105.

164 4061 195 4128 3)
214 4061 239 4122 ᾖ.
259 4058 382 4115 16-20.
401 4063 423 4112 Ι.
440 4057 467 4124 4,
486 4059 502 4111 6
522 4059 570 4126 (ds
591 4058 663 4126 aot).
763 4057 793 4126 4)
813 4059 857 4109 Fr.
879 4060 904 4112 1.
924 4061 948 4121 §-
967 4058 992 4111 2.
1013 4063 1046 4111 D.
1066 4060 1092 4109 h.
1111 4065 1130 4110 t.

165 4131 194 4200 5)
215 4133 257 4185 Fr.
277 4131 321 4186 35.
341 4129 525 4200 pr.1).44,7
545 4128 592 4197 (de
604 4132 635 4183 0.
657 4126 742 4195 aen).
762 4149 800 4198 pr.
820 4130 839 4181 1.
860 4127 887 4194 4,
907 4131 941 4183 12
961 4129 1009 4198 (de
1027 4136 1140 4198 perpet
1159 4135 1239 4195 lamp.
1260 4125 1333 4193 sot).

165 4201 193 4270 6)
214 4203 237 4263 §-
258 4200 380 4256 21.-27.
398 4206 420 4254 1.
438 4200 464 4266 4,
485 4202 502 4254 6
524 4199 571 4269 (ds
590 4203 662 4264 aot).
681 4221 720 4270 pr.
739 4203 761 4252 I.
779 4200 806 4265 4,
825 4199 868 4252 12.
893 4204 935 4254 cit.

164 4273 195 4340 7)
216 4279 278 4342 Arg.
301 4278 333 4327 fr.
353 4275 376 4327 1.
396 4274 419 4334 ἓ.
442 4272 544 4326 1415.
565 4277 599 4326 D.
621 4275 655 4324 ds
674 4276 700 4326 vl
720 4271 775 4339 (43,
798 4270 851 4338 16).
889 4274 957 4326 Cum
979 4272 1120 4325 interdicta
1147 4271 1205 4322 dari
1230 4271 1335 4321 soleant

131 4347 168 4397 sd
187 4347 338 4398 inhibendo
357 4349 431 4398 scota
448 4348 507 4397 lura
525 4361 580 4398 non
597 4347 765 4413 permissset
783 4345 914 4397 adversus
933 4361 989 4409 eos,
1010 4345 1057 4414 qui
1074 4347 1119 4396 oa'o
1131 4345 1211 4412 foeta·
1225 4339 1265 4406 (ut
1284 4339 1337 4390 dici

136 4419 244 4470 solitum
264 4416 315 4483 est)
334 4419 395 4470 iuro
416 4433 547 4484 usurpare
569 4423 713 4470 conentur:
742 4415 827 4468 celeb.
846 4433 870 4468 o.
889 4418 1009 4484 Soospnp
1029 4413 1129 4481 (Recte
1148 4414 1196 4464 don
1214 4412 1338 4463 Bouttos·

134 4489 158 4550 6.
178 4485 216 4556 6.)
239 4489 329 4542 omnis
346 4487 489 4543 lntsrfflota
509 4487 629 4542 cotiones
648 4503 684 4540 ex
703 4486 800 4541 delicto
818 4503 878 4541 ossa
897 4488 1040 4542 contendit

1092 4557 1319 4630 '18·
