3064 4966
596 351 676 389 arasa
686 353 726 392 ur.
744 347 808 389 'can
820 353 850 388 u.
1271 343 1325 399 235

119 481 199 543 dore
218 483 374 562 spondes?
405 483 466 562 Sei,
487 481 605 544 cosdem
624 481 756 562 qunque
777 498 892 544 aureos
912 482 988 544 doro
1011 483 1168 562 spondas?
1195 488 1222 548 si
1245 505 1319 549 res-

119 585 279 666 pondeant
301 583 421 667 singuli
444 585 629 664 separatim:
650 581 797 662 spondeo.
830 584 905 647 ltem
920 587 947 647 si
960 587 1001 647 ita
1019 587 1205 670 interrogati
1221 563 1318 668 spon·

119 685 224 747 detis?
247 685 460 766 respondeant
481 683 714 771 epoooenas1).
755 685 889 748 Possunt
918 692 1020 748 tamen
1045 705 1084 749 ex
1107 687 1229 750 duobus
1256 692 1320 752 reis

120 786 324 868 promittendi
348 785 427 848 alius
459 803 557 866 pure,
589 785 669 848 alius
697 786 755 848 sub
779 786 958 848 conditione
993 787 1045 848 vel
1076 788 1108 848 in
1131 787 1212 850 diem
1236 789 1321 854 obli-

120 890 191 972 gari
205 888 244 975 ²).
287 937 290 946 ,
1103 895 1106 902 “

163 1009 194 1089 g.
207 1005 278 1070 816.
324 1002 492 1080 Cumduo
521 1003 650 1065 eandem
680 1006 844 1084 pecuniam
873 1007 1075 1086 promiserint
1096 1008 1148 1070 vel
1178 1009 1318 1090 stipulati

119 1109 193 1184 sint,
218 1107 288 1187 ipso
313 1107 382 1168 iure
404 1111 435 1167 el
448 1105 584 1188 siugulis
600 1105 780 1168 insolidum
796 1106 939 1184 debetur,
963 1113 994 1168 et
1007 1106 1127 1190 singuli
1144 1108 1259 1172 debent
1271 1113 1319 1198 ³);

121 1214 163 1285 et,
189 1207 342 1288 quamvis,
368 1207 451 1287 quod
477 1207 515 1269 ad
526 1225 679 1287 personas
703 1211 951 1271 contrahentium
973 1211 1120 1289 pertinet,
1146 1210 1215 1274 duae
1236 1211 1321 1276 obli-

120 1309 265 1392 gationes
287 1306 400 1368 adesse
423 1306 601 1383 videantur,
623 1308 744 1370 ratione
764 1310 810 1370 rei
832 1308 945 1371 debitae
958 1326 1019 1370 una
1036 1315 1153 1372 tautum
1168 1310 1320 1394 obligatio

119 1409 268 1472 consistit
280 1406 328 1491 ⁴);
352 1408 383 1468 in
408 1413 541 1486 utraque
565 1409 647 1468 enim
671 1408 865 1490 obligatione
888 1427 948 1470 uua
971 1415 1088 1472 tantum
1109 1427 1161 1472 res
1175 1413 1319 1474 'vertitur

119 1515 152 1572 et
173 1509 254 1571 alter
276 1508 414 1570 debitum
437 1508 620 1588 accipiendo
653 1507 704 1571 vel
734 1509 816 1570 alter
846 1507 1002 1571 solvendo
1028 1511 1163 1573 omnium
1194 1513 1319 1593 perimit

118 1608 345 1702 obligationem
368 1608 540 1689 omnesque
563 1607 732 1696 liberati),
760 1610 835 1671 lieet
858 1603 1054 1690 nequaquam
1078 1611 1211 1677 dubium'
1226 1615 1266 1676 sit
1288 1620 1319 1677 et

120 1716 228 1792 partes
253 1729 269 1771 a
292 1709 429 1792 singulis
453 1712 517 1790 poti
541 1710 593 1772 vel
617 1709 701 1772 solvi
725 1712 868 1799 possess).

162 1829 195 1892 Si
217 1845 298 1890 uuus
323 1834 440 1890 tantum
467 1828 662 1911 obligatione
686 1836 828 1892 exemtus
858 1832 916 1907 sit,
946 1837 999 1893 aut
1021 1827 1166 1892 manente
1190 1849 1226 1892 ea
1254 1829 1321 1894 sola

115 1929 250 1992 alterius
272 1947 408 2010 persona
432 1929 573 2007 liberata,
597 1931 694 1992 ueluti
717 1932 744 1992 si
765 1931 858 1994 heres
882 1931 982 1994 lactus
1003 1931 1045 1994 sit
1061 1931 1231 1993 communis
1246 1949 1319 1992 cre-

118 2033 230 2094 ditoris
264 2029 316 2092 vel
340 2035 448 2110 pactus
473 2048 542 2091 cum
567 2049 617 2108 eo,
640 2050 679 2093 ue
700 2051 716 2092 a
738 2050 774 2112 se
796 2038 936 2112 petatur,
962 2032 1041 2095 alter
1063 2049 1195 2110 ¹reorum
1218 2031 1338 2094 teneri

119 2151 184 2196 uon
212 2132 327 2194 desinit
342 2131 378 2218 7).

162 2251 208 2312 Ex
232 2249 376 2331 pluribus
398 2251 462 2312 reis
485 2249 656 2330 stipulandi
680 2252 734 2311 uni
763 2268 825 2312 uon
849 2249 950 2312 solum
974 2233 1066 2312 recte‘
1092 2248 1228 2312 solvitur
1259 2251 1316 2312 sed

117 2353 209 2415 etiam
226 2351 476 2432 acceptilatione,
500 2346 668 2413 novatione
690 2351 795 2412 aliove
814 2349 1016 2433 obligationis
1042 2351 1112 2430 ipso
1127 2351 1196 2411 iure
1212 2353 1317 2412 extin-

118 2452 238 2537 guendi
261 2452 363 2527 modo,
386 2456 449 2513 tota
473 2451 623 2533 obligatio
645 2451 821 2532 perimitur,
844 2469 883 2512 ex
900 2451 1013 2531 quibus
1027 2450 1240 2533 colligendum
1255 2457 1313 2528 est,

116 2569 373 2633 unumquemque
395 2552 527 2631 perinde
541 2551 600 2613 sibi
621 2553 831 2632 acquisivisse
848 2571 884 2614 ac
896 2551 1020 2613 sisolus
1035 2551 1203 2631 stipulatus
1218 2558 1313 2628 esset,

117 2660 251 2734 excepto
276 2671 325 2730 eo,
350 2639 549 2732 quodetiam
572 2652 653 2714 lacto
675 2655 756 2729 cius,
778 2670 847 2714 oum
870 2669 932 2732 quo
956 2669 1117 2714 commune
1140 2653 1189 2713 ius
1212 2653 1316 2734 stipu-

120 2754 215 2818 lantis
240 2761 299 2830 est,
322 2755 465 2815 amittere
489 2753 662 2816 debitorem
683 2760 790 2834 potest
800 2755 839 2840 θ).
883 2753 948 2816 lmo
973 2753 1000 2814 si
1022 2769 1103 2813 uuus
1127 2753 1317 2816 creditorum

116 2853 216 2918 semel
240 2855 354 2937 egerit,
379 2853 470 2916 alteri
494 2857 666 2934 promissor
688 2854 851 2916 ollerendo
872 2855 1035 2935 pecuniam
1058 2853 1135 2914 nibil
1159 2853 1278 2941 agili).

162 2974 192 3053 g.
208 2971 280 3034 817.
326 2973 356 3034 Si
380 2975 433 3034 uni
456 2973 646 3035 creditorum
669 2994 685 3035 a
710 2974 853 3036 debitore
873 2974 1073 3051 solutumsit,
1098 2973 1181 3054 quod
1195 2973 1316 3053 accepit

118 3090 188 3134 cum
214 3073 347 3152 reliquis
375 3073 545 3153 stipulandi
571 3075 635 3136 reis
658 3076 767 3155 partiri
792 3092 855 3138 non
882 3081 928 3136 est
952 3075 1132 3158 cogendus,
1165 3074 1225 3136 nisi
1255 3069 1312 3136 so·
1348 3060 1350 3064 ¹

119 3173 220 3235 oietas
244 3172 347 3235 aliave
369 3176 543 3236 communio
569 3176 651 3238 iuter
673 3194 729 3238 eos
751 3176 935 3252 intercedat,
964 3182 1017 3238 aut
1037 3176 1065 3237 si
1086 3181 1189 3256 pacto,
1215 3178 1314 3236 testa-

75 3345 77 3350 ,
121 3279 228 3335 mento
254 3272 306 3334 vel
329 3273 441 3335 iudicis
463 3276 617 3337 sententia
642 3275 680 3338 ad
701 3281 820 3356 partem
841 3293 910 3337 cum
931 3275 1063 3355 reliquis
1085 3275 1318 3336 communican-

120 3374 191 3436 dam
214 3371 372 3455 obligatus
394 3377 435 3435 sit
447 3375 499 3460 1⁰).
543 3375 608 3437 Nee
630 3393 761 3438 correus
785 3375 938 3452 debendi,
963 3377 1017 3455 qui
1040 3380 1136 3436 totum
1158 3375 1315 3456 prestitit,

118 3479 239 3555 partem
263 3477 423 3538 acaeteris
441 3481 588 3556 repetere
600 3483 716 3557 potest,
740 3478 800 3538 nisi
823 3479 928 3540 socius
952 3477 1004 3554 sit,
1030 3476 1154 3539 velalia
1168 3489 1314 3538 excausa

151 3755 180 3824 1)
201 3761 242 3810 Pr.
263 3759 283 3810 1.
304 3759 331 3810 h.
350 3763 368 3811 t.
386 3761 418 3812 ir.
435 3758 461 3812 4.
478 3761 512 3811 D.
532 3760 593 3812 aod.
1230 3817 1232 3826 ,

151 3827 180 3896 2)
203 3829 226 3890 §-
245 3827 271 3880 3.
290 3830 309 3880 l.
331 3831 358 3882 h.
376 3835 394 3882 t.
412 3834 443 3883 fr.
461 3828 486 3882 7.
504 3833 538 3882 Ι).
557 3832 619 3883 eod.
656 3830 787 3883 Hodierni
805 3831 994 3899 obligationem
1015 3831 1129 3900 plurium
1142 3845 1248 3882 reorum
1266 3831 1311 3884 sti-

115 3901 237 3969 pulandi,
259 3904 386 3965 activam,
406 3903 521 3969 plurium
540 3919 645 3955 reorum
654 3903 832 3970 promittendi,
846 3907 988 3972 poscebam
1003 3905 1310 3970 ottapaaonemcorraa·

117 3977 171 4024 lem
190 3987 289 4024 vocare
308 3973 401 4024 solent.
891 3991 894 3996 ·
1309 3993 1318 4007 ·

152 4042 426 4108 aehnnbt

114 4111 259 4252 (dfiflllloo
279 4115 396 4245 eggigituIr
417 4132 452 4238 {x
464 4116 623 4182 comparatis
641 4115 708 4168 inter
727 4131 755 4168 ea
772 4117 803 4168 ir.
820 4115 845 4169 3.
865 4117 887 4179 ἓ.
907 4117 931 4170 1.
950 4117 983 4170 D.
1003 4118 1063 4170 aod.
1081 4119 1112 4169 fr.
1131 4113 1173 4169 71.
1192 4117 1225 4168 D.
1235 4111 1279 4179 46,
1297 4114 1312 4167 l

145 4201 162 4236 a
219 4187 272 4250 ai).
310 4225 316 4237 .
354 4224 360 4237 .
394 4224 400 4237 .
440 4191 485 4238 .t.

150 4253 178 4320 5)
202 4255 225 4314 §-
243 4257 268 4309 1.
288 4258 307 4308 Ι.
327 4257 369 4308 eit.
470 4254 498 4323 6)
518 4257 560 4308 Fr.
582 4256 607 4309 3.
626 4257 649 4316 §-
670 4257 694 4309 1.
713 4259 746 4309 D.
766 4259 808 4311 eit

133 4324 179 4392 Ι7)
198 4327 241 4378 Fr.
262 4327 302 4382 19.
321 4329 354 4380 D.
377 4329 403 4378 h.
424 4333 442 4378 l.
458 4330 489 4380 fr.
511 4326 553 4380 71.
574 4345 611 4396 pr.
631 4330 665 4378 D.
684 4325 728 4391 46,
751 4329 765 4380 1
789 4328 835 4397 (do
852 4327 944 4396 fidei).

149 4393 178 4462 8)
197 4398 240 4449 Fr.
258 4396 301 4452 31.
322 4399 344 4458 §.
365 4399 388 4450 1.
407 4400 440 4448 D.
459 4397 504 4463 46,
522 4400 538 4451 2
558 4395 604 4464 (da
622 4398 737 4465 Norat).

150 4466 179 4534 9)
197 4469 239 4519 Fr.
258 4469 301 4522 16.
318 4471 351 4521 Ι).
371 4471 398 4521 h.
416 4475 435 4521 t.
454 4473 486 4522 fr.
505 4466 546 4521 57.
566 4469 589 4529 ἓ.
608 4470 632 4522 1.
649 4472 682 4522 D.
700 4469 845 4536 46,3(da
862 4468 961 4536 solut).

133 4535 179 4604 to)
199 4541 242 4592 Fr.
258 4539 302 4594 62.
320 4557 360 4608 pr.
380 4543 414 4593 D.
435 4539 479 4606 35,
497 4540 515 4594 2
536 4537 586 4606 (od
603 4541 656 4609 lag.
675 4542 770 4609 Palo).
789 4558 845 4609 arg.
862 4544 893 4595 r'r.
911 4539 954 4596 34.
972 4543 1004 4595 D.
1022 4538 1050 4607 4,
1068 4539 1087 4594 8
1105 4539 1153 4610 (de
1170 4541 1306 4609 receptis).
