3062 4972
214 351 267 408 2¹12
534 360 735 402 rnrrrrurrom
755 364 828 402 runrr
851 364 961 404 nonant
974 367 1094 403 narrari.

215 517 295 579 licre
317 517 403 574 esset
423 512 623 592 promissum,
646 529 686 574 ex
707 529 763 574 sua
777 528 905 591 quoque
923 517 1011 592 parte
1024 510 1222 574 donationem
1235 513 1267 572 in
1283 529 1415 574 uxorem

217 615 389 689 conterret,
414 613 440 674 si
466 614 534 692 ipse
556 614 588 673 in
609 614 805 674 matrimonio
826 617 913 674 esset
934 613 1115 674 moriturus.
1149 609 1223 673 Cum
1238 617 1341 673 autem
1354 611 1416 673 do-

114 775 119 782 .
214 717 357 778 nationes
380 715 464 774 inter
487 715 589 774 virum
612 718 643 774 et
663 731 795 775 uxorem
815 711 945 774 inutiles
967 718 1085 788 essent,
1109 711 1263 774 eiusmodi
1287 711 1415 774 donatio

214 821 287 880 ante
308 813 432 894 nuptias
456 811 524 875 fieri
546 811 684 890 solebat,
715 813 852 893 ideoque
873 819 946 876 ante
969 815 1093 894 nuptias
1120 813 1246 875 donatio
1270 809 1415 892 appella-

213 917 318 980 batur.
363 913 553 976 lustinianus
577 913 699 976 demum
723 933 776 976 eas
799 926 830 977 et
853 920 1015 977 contracto
1039 915 1233 977 matrimonio
1256 912 1414 974 celebrari

214 1016 368 1100 permisit,
391 1031 509 1093 eosque
531 1021 660 1095 propter
682 1017 806 1096 nuptias
827 1015 1013 1077 donationes
1039 1012 1192 1096 appellari
1215 1011 1369 1098 volnitl).

258 1121 288 1198 ὅ.
301 1114 374 1182 962.
417 1114 549 1195 Propter
580 1117 705 1196 nuptias
735 1115 920 1179 donationes
953 1118 985 1177 in
1014 1114 1163 1178 mulieres
1195 1113 1416 1188 conferuntur,

217 1235 287 1282 cum
309 1217 367 1279 dos
391 1216 428 1277 ab
451 1217 490 1276 iis
512 1219 700 1293 constituta,
733 1223 764 1278 et
787 1216 880 1280 simul
910 1223 1058 1279 statutum
1086 1217 1144 1292 sit,
1175 1221 1210 1276 ut
1237 1214 1338 1276 rotato
1358 1231 1418 1291 per
1517 1223 1518 1236 ³

214 1323 341 1380 mortem
356 1315 467 1378 umoris
486 1306 692 1393 matrimonio,
713 1303 842 1380 maritus
859 1318 961 1380 dotem
979 1317 1031 1380 vel
1045 1323 1163 1398 partem
1178 1319 1247 1378 cius
1261 1315 1415 1376 lucretur.

216 1421 294 1486 Sunt
316 1423 419 1480 autem
440 1419 481 1479 ita
505 1417 699 1495 ordinandae,
723 1425 758 1480 ut
782 1436 871 1498 qnam
895 1436 1044 1481 summam
1066 1436 1125 1480 nec
1151 1419 1299 1478 maiorem
1312 1417 1417 1478 mino-

216 1539 324 1583 remve
347 1537 387 1582 ex
405 1519 479 1582 dote
503 1519 682 1582 lucraretur
703 1522 844 1596 maritus,
867 1521 894 1580 si
914 1520 1075 1581 mulierem
1092 1521 1229 1600 priorem
1242 1521 1323 1581 mori
1336 1535 1417 1580 con·
1517 1593 1518 1596 Ἴ

220 1623 378 1702 tingeret,
409 1619 540 1681 eandem
561 1622 653 1681 etiam
676 1638 773 1696 uxor,
807 1622 834 1682 si
859 1621 926 1700 ipsa
950 1621 1182 1701 supervixerit,
1214 1639 1254 1681 ex
1284 1625 1418 1700 propter
1517 1651 1518 1676 t

194 1709 197 1714 ’
217 1721 342 1802 nuptias
367 1719 535 1782 donatione
558 1719 698 1782 haberet.
743 1721 820 1784 Eum
843 1723 944 1804 igitur
966 1723 997 1783 in
1012 1721 1103 1784 tinem
1119 1720 1296 1783 huiusmodi
1314 1721 1419 1782 dona·
1517 1709 1518 1728 ¹

216 1823 319 1884 tiones
341 1819 435 1895 iiunt,
469 1825 504 1881 ut
526 1821 657 1901 aequalia
682 1827 714 1884 et
743 1823 853 1885 uxoris
883 1827 914 1884 et
942 1825 1044 1885 mariti
1072 1823 1136 1884 sint
1162 1824 1231 1884 iura
1260 1823 1292 1882 in
1316 1820 1418 1882 lucris

217 1919 410 2002 nuptialibus
424 1919 463 2006 ²).
1256 1923 1265 1936 ‘

260 2024 290 2104 ξ.
304 2019 377 2084 963.
422 2019 563 2082 Durante
582 2023 777 2084 matrimonio
799 2023 969 2086 dominium
992 2041 1098 2084 rerum
1119 2023 1300 2085 donatarum
1316 2039 1418 2102 penes
1507 2011 1510 2026 '

220 2123 361 2184 maritum
384 2127 451 2198 est,
484 2123 545 2184 nisi
575 2122 656 2184 sorte
678 2141 730 2184 res
752 2123 873 2186 traditae
896 2123 1081 2211 inerrata),
1114 2123 1282 2185 usufructu
1304 2123 1419 2184 marito

217 2221 341 2284 relicto.
386 2221 538 2284 Alienare
570 2223 657 2285 nulio
690 2223 781 2285 modo
815 2242 868 2285 eas
900 2230 1022 2304 potest;
1057 2231 1088 2286 et
1118 2225 1209 2286 tacita
1237 2224 1419 2305 hypotheca

220 2321 334 2384 mulier
355 2323 387 2384 in
418 2322 514 2384 rebus
544 2325 645 2385 mariti
675 2327 706 2385 in
738 2326 937 2387 securitatem
970 2326 1063 2387 huius
1094 2326 1270 2389 donationis
1299 2325 1419 2386 munita

220 2429 269 2485 est
279 2423 315 2505 ⁴).
359 2423 408 2486 Ad
431 2424 567 2504 inopiam
588 2424 717 2487 redacto
738 2427 819 2502 viro,
843 2443 924 2488 uxor
943 2427 1003 2488 sibi
1025 2428 1208 2507 prospicere
1230 2431 1261 2488 et
1281 2443 1334 2486 res
1356 2423 1420 2486 do-

216 2529 303 2586 natas
326 2527 457 2606 exigere
479 2529 594 2604 potest,
616 2528 692 2606 quin
713 2532 815 2588 tamen
837 2525 977 2589 alienare
999 2543 1053 2589 eas
1075 2529 1176 2608 possit
1186 2527 1224 2615 ⁵).

260 2623 382 2687 Mortua
404 2643 516 2702 uxore,
540 2631 671 2706 propter
692 2629 817 2708 nuptias
831 2628 957 2691 donatio
973 2631 1151 2704 evanescit3
1173 2627 1421 2708 necquidquam

219 2743 259 2789 ex
282 2744 318 2788 ea
341 2726 476 2788 heredes
500 2727 568 2790 eius
591 2727 754 2790 lucrantur
764 2729 811 2816 6);
834 2728 945 2792 marito
968 2749 1047 2794 vero
1070 2729 1230 2808 defuncto,
1253 2747 1323 2792 cum
1336 2731 1422 2810 pacti

219 2825 359 2888 conditio
384 2828 508 2904 existat,
532 2831 734 2890 committitur
756 2831 923 2894 conventio
948 2837 979 2892 et
999 2850 1051 2894 res
1074 2831 1195 2895 donatae
1207 2830 1350 2894 mulieris
1369 2831 1424 2894 ef-

220 2925 385 3002 ficiuntur,
407 2927 502 3006 pleno
525 2929 649 3008 quidem
677 2931 833 3006 dominio,
857 2933 884 2994 si
908 2932 1000 2994 liberi
1023 2951 1063 2995 ex
1084 2933 1280 2996 matrimonio
1303 2949 1424 3012 super-

220 3027 310 3088 stites
333 3043 394 3088 non
418 3029 481 3088 sint
495 3027 533 3114 1),
559 3029 598 3090 ad
620 3029 848 3093 usumfructum
872 3050 961 3107 vero,
985 3031 1095 3094 liberis
1117 3033 1323 3095 existentibus
1337 3035 1378 3120 ⁸).

264 3128 294 3207 ξ.
314 3124 386 3190 964.
431 3127 462 3191 Si
498 3128 666 3191 divortium
701 3131 792 3212 culpa
826 3133 926 3194 mariti
960 3133 1158 3210 intercessit,
1196 3151 1276 3196 uxor
1308 3133 1424 3197 eodem

221 3224 313 3287 modo
337 3231 467 3307 propter
494 3231 617 3309 nuptias
642 3231 840 3294 donationem
869 3232 1029 3310 lucratur,
1063 3233 1320 3314 quemadmodum
1351 3237 1423 3316 ipse

221 3325 324 3389 dotem
347 3325 487 3389 lucratus
510 3337 613 3406 esset,
645 3332 672 3392 si
697 3330 751 3394 illa
782 3334 850 3394 sine
880 3334 961 3394 iusta
985 3351 1081 3396 causa
1105 3334 1288 3396 divertisset
1302 3333 1341 3419 9).
1388 3335 1422 3398 Si

218 3445 259 3488 ex
280 3429 360 3488 iusta
382 3445 475 3490 causa
498 3447 577 3492 vero
601 3433 766 3510 repudium
795 3434 923 3495 missum
946 3435 1004 3509 sit,
1028 3435 1097 3494 sive
1118 3433 1156 3495 ab
1183 3451 1282 3496 uxore
1305 3435 1379 3497 sive
1403 3455 1423 3497 a

219 3529 343 3606 marito,
366 3527 457 3590 alteri
480 3530 608 3612 coniugi
630 3531 749 3594 nullius
773 3531 874 3614 cuipae
896 3551 951 3596 reo
975 3539 1007 3596 et
1027 3533 1084 3596 dos
1106 3539 1138 3596 ct
1151 3539 1282 3618 propter
1293 3536 1422 3616 nuptias

219 3627 346 3692 donatio
370 3629 634 3716 acquiruntur10).

219 3732 418 3743 ——--———

255 3784 283 3853 1)
303 3785 326 3845 ἓ.
346 3785 371 3838 3.
392 3788 413 3837 Ι.
432 3785 458 3850 2,
477 3782 494 3838 7
514 3785 560 3854 (de
579 3786 764 3855 donationib.).
786 3807 809 3841 c.
829 3789 872 3844 20.
892 3791 921 3844 (t.
942 3793 969 3842 h.
984 3797 1002 3843 t.
1022 3789 1060 3856 (5,
1078 3788 1124 3858 3.).

255 3855 285 3924 2)
307 3857 336 3908 0.
357 3857 398 3910 19.
417 3857 460 3909 20.
481 3857 509 3910 0.
529 3861 555 3910 h.
573 3865 592 3910 t.
612 3877 635 3911 c.
655 3859 680 3911 9.
700 3862 728 3912 O.
748 3859 828 3924 o,14
849 3859 896 3928 (de
913 3864 998 3932 pactis
1019 3861 1176 3928 conventis).
1195 3865 1264 3916 Nor.
1283 3863 1327 3918 22.
1347 3883 1372 3917 o.
1380 3865 1422 3921 20.

220 3933 247 3981 et
265 3929 408 3996 praesertim
427 3929 494 3980 Nor.
514 3927 556 3982 97.
576 3947 598 3981 o.
616 3930 641 3982 1.
667 3933 733 3983 Nor.
755 3932 798 3986 98.
820 3951 842 3984 c.
863 3933 887 3985 1.
914 3935 1030 4002 denique
1055 3935 1218 3987 Iustinianua
1236 3937 1368 4000 sancivit,
1396 3943 1425 3990 ut

222 4001 357 4067 nequerir
381 4000 480 4062 dotem,
497 4017 583 4068 neque
602 4003 697 4054 mulier
709 4005 880 4057 donationem
900 4007 1077 4072 antenuptiae
1095 4007 1220 4069 lucratur,
1240 4006 1288 4058 aed
1306 4013 1337 4058 ut
1356 4007 1425 4062 ubt-

222 4071 257 4122 ria
276 4072 330 4122 auia
348 4071 461 4137 propriis
479 4072 668 4138 proprietatem
687 4082 800 4140 serrant,
819 4077 883 4128 licet
902 4078 938 4128 ad
956 4077 1089 4130 secundas
1105 4078 1213 4146 nuptiae
1229 4093 1284 4129 non
1301 4081 1426 4144 veniant,

222 4157 274 4194 usu
293 4143 350 4194 eolo
370 4143 398 4192 in
415 4143 489 4192 lucro
510 4145 676 4196 consistente.

257 4208 285 4278 8)
307 4214 335 4264 O.
356 4213 381 4266 9.
400 4213 428 4264 O.
450 4211 476 4276 5,
498 4211 532 4265 14
550 4211 627 4280 (cit).
647 4217 714 4267 Nor.
737 4213 778 4268 97.
798 4233 820 4268 c.
841 4216 865 4268 1.
958 4216 994 4284 4)
1013 4219 1081 4270 Nor.
1100 4217 1144 4271 61.
1162 4236 1185 4270 o.
1204 4220 1230 4272 1.

257 4279 285 4350 5)
306 4285 335 4336 O.
353 4281 396 4335 29.
416 4284 444 4335 0.
465 4283 489 4347 5,
509 4283 543 4337 12
561 4284 609 4352 (da
627 4287 683 4338 iure
702 4287 778 4353 dot).
878 4283 907 4354 6)
927 4289 956 4340 (t.
976 4288 1000 4341 9.
1020 4290 1049 4342 G.
1069 4293 1112 4342 cit.
1131 4307 1154 4342 o.
1174 4290 1216 4343 18.
1237 4291 1266 4342 0.
1286 4293 1357 4344 h.t.

257 4351 286 4420 7)
306 4357 373 4408 Nor.
394 4353 521 4407 98.o.1.
605 4356 651 4422 ¹8)
671 4359 737 4411 Nor.
756 4357 799 4412 91.
819 4376 841 4411 o.
859 4359 884 4411 2.

257 4423 286 4491 9)
307 4427 336 4479 0.
356 4425 381 4478 8.
403 4427 426 4488 ἐ.
445 4423 533 4477 4.-7.
554 4427 583 4478 O.
601 4426 627 4492 5,
648 4426 683 4482 17
703 4428 749 4496 (de
768 4427 852 4496 poemia
869 4435 969 4484 temere
988 4425 1105 4494 divam).

238 4493 284 4562 10)
304 4497 334 4549 (1.
354 4496 379 4550 8.
399 4497 423 4560 ἓ.
441 4495 467 4550 4.
487 4497 530 4549 oit.
550 4499 617 4552 Nor.
636 4496 695 4554 117.
714 4517 736 4552 o.
756 4498 781 4552 8.
802 4501 827 4556 9.
