3098 4966
216 370 270 428 rot
429 428 433 441 Ι
538 376 740 420 rasrrrurrons
758 379 833 420 ruera
851 375 956 418 noum
975 375 1096 416 narrum.

141 511 143 515 ’
258 505 375 590 §.eeu
419 505 479 580 Qui
512 507 590 570 vitio
621 503 779 587 corporali
808 503 916 587 aliquo
946 502 1114 604 laborant,=
1137 503 1239 566 veluti
1268 505 1355 568 surdi
1373 511 1418 580 'et

217 607 304 682 muti,
329 623 388 668 nec
412 623 473 668 non
498 606 573 670 ceci
589 608 698 668 testari
712 611 856 686 possunt,
878 623 997 680 norme,
1019 621 1088 684 qntc
1103 622 1159 685 per
1175 607 1418 669 constitutiones

216 707 440 787 imperatorum
462 710 576 767 statuta
600 709 661 781 est,
684 704 905 794 observato1).
1115 689 1121 694 ¹

258 807 375 891 §.sut
419 805 564 888 Denique
586 805 659 889 lege
683 808 888 870 inveniuntur
908 805 1105 870 intestabiles
1117 805 1163 890 ²),
1194 807 1225 870 h.
1249 827 1278 870 c.
1302 809 1419 888 quihus

216 911 248 972 iu
268 925 390 989 poenam
413 907 523 970 delicti
545 908 598 971 vel
619 909 759 970 criminis
781 908 920 970 detracto
943 912 992 970 est
1005 907 1293 986 testamentilaotio,
1318 909 1421 972 veluti

218 1011 387 1092 apostatis,
421 1009 576 1072 haereticis
599 1009 862 1090 improbiorihns,
885 1009 1024 1072 criminis
1047 1008 1129 1072 lese
1149 1011 1319 1072 maiestatis
1340 1010 1421 1086 reis,

217 1127 390 1190 eorumque
413 1108 504 1186 filiis,
529 1111 587 1186 iis,
611 1111 665 1190 qui
680 1095 824 1172 ¹incestos
846 1111 970 1190 nuptias
996 1115 1241 1187 contraxerunt,
1264 1109 1421 1172 debonis

217 1229 287 1293 que
311 1218 375 1274 tum
396 1211 572 1274 hahuerunt
596 1212 628 1272 in
653 1212 800 1293 coniugis
823 1210 874 1272 vol
894 1209 1030 1291 prolium
1049 1211 1301 1274 incestuosorum
1325 1211 1423 1274 lavo-

219 1330 286 1374 reur
310 1313 495 1387 testatoris,
520 1310 560 1374 ob
581 1328 705 1373 carmen
729 1310 878 1374 lamosum
908 1311 1081 1388 damnatis,
1113 1311 1185 1376 item
1209 1320 1242 1376 ct
1262 1311 1422 1386 omnihus,

217 1413 331 1494 quihus
352 1414 459 1476 mortis
483 1430 574 1493 poena
600 1411 763 1474 subeunda
788 1417 837 1474 est
849 1413 889 1499 ³).
954 1408 960 1420 ‘

231 1619 299 1672 utu.
317 1620 352 1670 H.
388 1620 438 1670 DE
456 1617 770 1672 SOLENNITATIBUS
788 1617 1110 1672 TESTAMENTORUM
1128 1617 1360 1672 VULGARIBUS
1370 1615 1400 1686 ⁴).

241 1752 333 1818 2538.
377 1752 644 1816 Testamentornm
673 1772 790 1835 genera
820 1754 909 1815 initio
939 1751 1030 1814 suere
1059 1752 1139 1829 duo,
1170 1753 1301 1815 alterum
1335 1753 1419 1832 quod

221 1853 331 1916 calatis
354 1855 499 1930 comitiis,
522 1854 665 1929 alterurn,
693 1853 776 1933 quod
798 1855 830 1914 in
852 1853 1016 1933 procinctu
1037 1851 1179 1939 lienam).
1223 1851 1264 1915 lis
1282 1855 1419 1916 accessit

218 1955 335 2018 deinde
356 1955 482 2016 tertium
505 1971 606 2037 genus
635 1971 693 2034 per
722 1971 765 2014 aes
794 1959 825 2014 et
852 1953 979 2016 libram:
1010 1970 1072 2032 qno
1102 1954 1172 2036 quis
1200 1955 1419 2034 patrimonium

223 2041 312 2120 suum
335 2056 489 2135 mancipio
513 2055 605 2117 dabat
624 2055 739 2130 amico,
769 2053 1076 2135 eumqueprogabat,
1109 2053 1183 2132 quid
1208 2055 1323 2136 cuique
1348 2059 1419 2136 post

218 2161 350 2219 mortem
373 2172 460 2218 suam
482 2155 548 2217 dari
569 2154 678 2216 vellet.
723 2154 888 2234 Postquam
910 2155 1015 2235 priora
1040 2171 1159 2236 genera
1177 2171 1216 2214 ex
1231 2171 1290 2214 usu
1306 2169 1420 2215 reces-

218 2263 340 2334 serunt,
364 2257 424 2318 hoc
447 2255 550 2318 solnm
571 2255 736 2318 remansit:
761 2257 856 2317 etita
878 2256 1009 2336 primum
1025 2253 1128 2330 fiebat,
1154 2260 1188 2314 ut
1203 2272 1306 2316 coram
1323 2257 1421 2334 quin·
1530 2241 1531 2318 ζ

221 2358 442 2441 quotestiuus,
467 2356 642 2436 libripeude
667 2361 698 2418 et
723 2354 845 2417 familiae
867 2360 1008 2438 emptore
1033 2353 1234 2416 conderetur.
1278 2353 1336 2416 llic
1359 2355 1420 2415 he-

218 2459 305 2522 redis
326 2457 396 2520 loco
418 2463 494 2534 erat,
518 2456 610 2519 eloh
635 2455 667 2518 id
689 2461 821 2517 testator
844 2456 873 2516 ei
897 2453 1078 2530 mandabat,
1101 2454 1175 2534 quid
1198 2460 1421 2535 postmortem

220 2579 307 2624 suam
329 2560 443 2639 cuique
465 2557 534 2619 dari
558 2555 655 2618 vellet
667 2558 707 2644 ⁶).
750 2551 861 2618 Postea
884 2573 962 2618 vero
986 2555 1100 2618 tabulae
1122 2558 1300 2618 testamenti
1323 2556 1421 2619 scribi

220 2661 381 2738 solebant,
405 2661 436 2720 in
458 2659 572 2739 quibus
593 2665 725 2722 testator
742 2649 938 2722 holuntatern
962 2677 1048 2722 suarn
1073 2659 1252 2739 aperiebat,
1276 2657 1348 2720 dum
1369 2657 1384 2719 l
1401 2695 1422 2707 -

223 2762 316 2823 rniliae
337 2759 469 2840 emptori
491 2765 610 2821 tautum
633 2759 712 2822 dicis
735 2761 836 2843 gratia
859 2759 973 2823 familia
998 2761 1226 2841 manciparetur
1238 2759 1273 2840 ²).

268 2859 344 2921 Cum
367 2877 407 2920 ex
428 2859 487 2922 hac
509 2859 706 2922 ordinatione
729 2860 841 2921 tabulae
863 2877 936 2940 pars
959 2861 1140 2942 principalis
1163 2863 1337 2924 testamenti
1359 2861 1423 2922 ha·
1530 2839 1531 2890 ἕ

221 2961 291 3022 heri
314 2959 483 3034 deberent,
515 2958 650 3020 invaluit
675 2963 710 3020 ut
736 2959 906 3022 voluntatis
933 2963 1092 3023 testatoris
1116 2961 1280 3024 servandae
1307 2962 1422 3044 gratia,
1530 2981 1531 3040 1

223 3058 449 3122 clauderentur
470 3063 501 3119 el
522 3078 539 3120 a
562 3059 695 3120 testibus
717 3061 931 3142 signarentur.
1211 3067 1216 3077 ¹

268 3163 298 3242 ξ.
311 3159 383 3226 539.
428 3157 566 3221 Ulterius
590 3165 692 3222 autern
718 3163 882 3244 progressi
907 3165 980 3222 sunt
1000 3161 1171 3224 Praetores:
1202 3179 1272 3224 nam
1296 3161 1422 3244 quoties

223 3264 343 3340 septem
363 3258 464 3340 siguis
485 3259 609 3321 testium
632 3261 789 3342 signatum
812 3265 898 3322 esset
918 3266 1148 3340 testamentum,
1175 3262 1413 3342 scriptishere-

223 3359 316 3422 dibus
337 3357 508 3421 secundom
531 3357 652 3421 tabulas
675 3359 881 3424 hereditatem
902 3360 1143 3442 pollicebantur,
1167 3363 1226 3424 etsi
1250 3360 1331 3424 forte
1351 3361 1423 3422 iure

222 3511 422 3523 ——--

260 3615 288 3683 1)
308 3617 332 3678 5.
351 3613 377 3668 3.
393 3613 420 3668 4.
440 3615 461 3666 I.
481 3615 543 3668 eod.
562 3631 586 3666 o.
604 3613 630 3668 8.
652 3617 680 3668 G.
699 3618 725 3669 h.
744 3622 762 3668 t.
782 3633 805 3669 e.
826 3617 869 3670 29.
891 3617 919 3670 O.
940 3616 965 3681 6,
983 3615 1018 3670 23
1039 3615 1086 3682 (de
1104 3617 1268 3674 testamentis
1287 3623 1313 3672 et
1329 3631 1422 3687 quem
1530 3569 1531 3586 Χ

222 3682 389 3750 admodum).
412 3688 456 3738 ofr.
477 3689 691 3739 (levamentarius
709 3705 789 3752 meos,
809 3695 872 3740 tom.
892 3689 938 3740 111.
959 3707 985 3756 p.
1005 3686 1065 3742 242.
1530 3709 1531 3714 ’

259 3759 286 3826 2)
307 3761 351 3811 Fr.
368 3755 410 3808 18.
432 3757 454 3816 §-
475 3757 499 3809 1.
519 3761 552 3809 D.
564 3754 639 3820 28,1
661 3757 708 3824 (de
725 3765 830 3812 testem.
851 3767 877 3812 et
895 3755 1106 3830 quemadmod.).
1133 3759 1210 3813 Nouo
1231 3760 1348 3812 examini
1365 3760 1423 3811 hmo

225 3832 338 3888 subiecit
355 3845 378 3880 u.
400 3829 548 3894 Buchholz,
569 3831 649 3883 Oiea'l.
666 3828 888 3899 Adhomdlmnqcm
904 3850 930 3899 p.
950 3830 1009 3884 112.
1028 3848 1083 3902 seq.

262 3900 291 3968 3)
311 3901 343 3951 V.
367 3897 512 3964 Vumyerow
532 3900 555 3960 ἓ.
572 3897 633 3953 428.
652 3901 714 3953 Nro.
734 3893 791 3954 10.’

258 3971 288 4038 4)
306 3973 350 4022 Fr.
369 3969 394 4022 1.
416 3968 458 4024 10.
479 3973 539 4038 Dig.
561 3970 646 4036 28,1.
666 3973 695 4025 C.
706 3973 731 4040 6,
749 3972 792 4026 23.
811 3973 873 4041 Ulp.
892 3979 919 4026 et
939 3973 1040 4030 Goth.
1059 3973 1103 4024 eit.
1122 3972 1191 4028 Nor.
1211 3971 1331 4038 Theoph.
1350 3973 1389 4027 tit.
1398 3973 1423 4026 9.

228 4045 296 4106 Nor.
316 4041 423 4093 Valent.
445 4041 482 4091 tit.
502 4041 528 4092 4.
557 4044 759 4114 Spcmpemherq,
783 4044 857 4098 Iors'a
876 4045 1000 4098 Romam
1017 4045 1130 4098 Totam
1146 4053 1234 4111 myos.
1253 4047 1423 4099 solemnium.

225 4115 323 4182 Lipeiae
343 4111 421 4166 1822.
439 4129 465 4178 p.
486 4110 617 4167 60—131.

260 4185 288 4251 5)
307 4184 466 4237 decoration
489 4184 585 4236 horum
602 4191 819 4238 testamentorum
839 4187 979 4262 descriptio
998 4191 1074 4239 extet
1099 4185 1173 4253 apud
1197 4185 1339 4252 scriptores
1362 4185 1423 4240 ltu-

227 4259 313 4310 detos.
333 4258 378 4307 cir.
399 4253 458 4305 uei.
478 4255 502 4308 2.
523 4255 545 4315 §-
564 4255 624 4309 101.
645 4263 671 4310 et
689 4259 867 4324 Theophilum
885 4258 922 4311 ed
941 4257 964 4319 ἐ.
983 4257 1008 4313 1.
1027 4259 1048 4312 Ι.
1067 4259 1093 4314 h.
1112 4265 1130 4312 t.

261 4327 288 4396 6)
309 4327 368 4380 Gai.
390 4326 407 4376 l.
430 4342 452 4376 o.
472 4326 495 4379 2.
516 4325 538 4386 ἓ.
559 4327 617 4380 102.
641 4327 702 4384 103.

261 4399 291 4468 7)
312 4400 371 4454 Gai.
390 4397 408 4448 l.
429 4416 451 4450 c.
471 4397 573 4458 §.104
609 4402 725 4454 Dicebat
748 4407 871 4456 testator:
901 4403 958 4452 haec
981 4401 1033 4465 ite,
1052 4405 1082 4454 ut
1097 4401 1127 4456 lu
1144 4401 1186 4452 his
1204 4398 1303 4456 tabulis
1323 4398 1425 4453 oculare

228 4474 327 4541 scripta
345 4473 421 4533 aunt,
445 4471 484 4520 ita
504 4469 555 4536 do,
580 4474 617 4524 ite
634 4474 711 4539 lego,
737 4474 775 4526 ite
792 4478 889 4536 tuter,
913 4473 951 4524 ita
968 4486 1003 4526 ue
1025 4488 1074 4526 ros
1101 4472 1215 4534 Quium
1242 4470 1423 4526 testimouium

228 4545 410 4613 perhibetotet
429 4541 523 4596 ethos
543 4543 684 4600 dicebatur
702 4543 872 4612 nuncupatio.
889 4545 935 4598 ott.
953 4488 1017 4610 {dp
1036 4541 1094 4600 XX·
1112 4541 1138 4601 9.
