3082 4976
632 365 822 407 maoooerro.
1295 355 1329 412 31

126 495 296 570 potatores
323 489 500 554 Germania
522 491 589 554 bec
611 492 714 554 studia
744 490 894 554 lovebant
902 511 911 566 3
943 493 1025 555 iuris
1053 494 1157 558 civilis
1185 495 1332 558 doctores

128 591 163 652 in
184 606 296 672 regum
318 591 473 666 consiliis,
496 591 527 652 in
551 591 648 652 curiis
671 597 702 652 et
727 590 936 656 tribunalibus
957 591 1075 672 ubique
1097 597 1330 674 querebantur.

129 691 376 772 Insequentibus
398 689 523 752 seculis
543 691 576 752 in
595 689 695 752 Gallia
718 690 827 775 (xrn.),
851 691 1015 756 Germania
1037 692 1131 781 (nv.)
1157 702 1190 758 et
1209 699 1241 760 in
1254 696 1330 760 Bel-

128 793 184 874 gio
210 791 314 875 (xv-l,
345 790 382 852 ad
406 787 555 852 Italorum
576 790 764 870 exemplum,
787 792 865 853 iuris
888 794 1008 854 romani
1032 793 1149 856 schola
1168 797 1330 860 institutae.

128 889 206 952 lnde
227 890 418 966 factumest,
441 895 475 959 ut
496 891 575 952 iuris
598 889 781 954 lastinianei
802 910 918 972 corpus
934 895 1111 975 praecipuus
1128 897 1206 959 iuris
1227 898 1331 960 civilis

61 1067 68 1076 ι
127 991 200 1054 lons
221 997 253 1053 et
277 993 452 1054 communis
474 991 635 1052 civitatum
659 992 712 1056 lex
734 993 817 1072 apud
843 995 1030 1059 cultissimus
1050 992 1185 1078 Europae
1217 1004 1330 1080 gentes

128 1093 170 1156 ad
193 1099 304 1156 nostra
327 1109 429 1172 usqne
453 1098 592 1174 tempora
616 1095 724 1172 tieret,
758 1103 790 1157 et
816 1097 1073 1178 iurisprudentiae
1101 1115 1237 1162 romana
1259 1105 1331 1162 stu·
1400 1131 1407 1144 ι

130 1195 217 1292 dium
242 1195 361 1274 ubique
390 1199 538 1274 tanquam
563 1197 677 1276 optima
709 1197 748 1258 ad
781 1198 953 1278 perlectam
982 1201 1060 1263 iuris
1086 1201 1259 1264 doctrinam
1280 1201 1331 1264 via

129 1301 228 1376 atqrm
249 1293 417 1356 methodus
441 1293 611 1356 coleretur.

171 1417 202 1495 ξ.
217 1413 289 1478 103.
333 1413 428 1478 Primi
448 1417 529 1478 iuris
549 1382 673 1482 romani
690 1419 723 1480 in
746 1418 834 1482 ltalia
848 1419 996 1484 doctores
1019 1421 1092 1484 ideo
1116 1438 1245 1502 quoqne
1269 1437 1331 1484 uo-

128 1516 246 1580 tabiles
276 1515 411 1582 habendi
437 1521 530 1593 sunt,
565 1517 650 1596 quod
682 1520 714 1580 in
743 1520 812 1598 ipsc
846 1521 916 1581 iura
947 1538 1076 1584 romano
1106 1522 1240 1600 eiusque
1271 1535 1332 1582 usu

128 1615 265 1698 plurima
286 1615 489 1680 innovabant.
540 1616 657 1680 Eorum
684 1621 766 1682 enim
795 1621 1072 1700 interpretationes
1103 1627 1135 1684 et
1155 1621 1332 1701 opiniones,
1419 1659 1422 1664 ·
1534 1653 1535 1666 κ

129 1716 204 1780 luae
224 1717 419 1800 philologica
442 1724 473 1780 et
495 1717 646 1782 historica
668 1723 793 1784 minime
815 1721 990 1799 illustrata,
1014 1739 1083 1784 curn
1096 1725 1166 1804 ipso
1188 1724 1257 1784 iure
1275 1737 1332 1782 ro-

128 1837 222 1882 mano
244 1820 277 1880 in
298 1819 376 1882 loris
398 1824 474 1880 sunt
493 1826 651 1900 receptae3
674 1821 755 1898 loca,
778 1823 887 1904 glossa
904 1822 1042 1906 vulgari,
1066 1818 1198 1886 collecta
1211 1821 1249 1884 ab
1263 1821 1332 1884 Ao-

128 1929 239 1990 cursio
263 1927 447 1990 Glossatore
471 1927 588 1990 secolo
609 1945 683 2004 xm,
702 1945 765 1989 uon
789 1933 905 2004 notata,
928 1927 1010 2010 legis
1027 1925 1244 1989 auctoritatem
1268 1939 1340 1996 nou,

129 2028 356 2114 obtinuere¹);
398 2027 578 2088 Grecorum
601 2027 762 2109 vulgate,
790 2029 835 2088 uti
857 2026 1072 2108 appellantur,
1103 2025 1270 2086 versiones
1293 2021 1330 2084 ab

129 2130 195 2192 illis
217 2128 370 2203 oriundae,
395 2128 496 2206 ipsius
511 2131 616 2188 textus
636 2124 708 2188 loco
730 2126 842 2190 babitae
850 2145 859 2202 3
884 2125 1034 2188 librorum
1049 2127 1128 2187 iuris
1152 2123 1231 2187 ordo
1252 2122 1331 2186 adeo

128 2230 287 2314 singulari
309 2233 402 2294 nodo
432 2233 568 2290 mumius
596 2233 654 2289 est.
710 2226 873 2291 Pandectae
898 2226 1064 2310 Digestuur
1088 2227 1189 2302 diotae,
1208 2227 1245 2288 in
1266 2230 1331 2286 bes

128 2339 251 2414 partes,
274 2331 432 2414 digestum
455 2333 564 2404 octus,
587 2327 781 2407 insortiotnnr
805 2333 837 2388 et
859 2345 982 2404 nouum,
1006 2315 1180 2403 distincta,
1215 2341 1330 2388 novem

131 2435 259 2514 priores
281 2431 407 2494 Codicis
431 2429 503 2492 libri
528 2449 546 2492 a
569 2429 704 2509 reliquis
726 2429 874 2510 separati,
893 2431 947 2508 qui
970 2445 1040 2492 cum
1052 2427 1196 2492 Novellis
1217 2443 1330 2506 porco,

129 2540 166 2594 ut
187 2532 362 2609 dicebatur,
386 2530 538 2593 notamine
553 2529 804 2592 continebantur.
830 2528 974 2592 Novelloe
994 2528 1244 2591 authenticarum
1269 2547 1331 2592 no-

129 2635 215 2696 mine
237 2635 268 2694 in
294 2631 600 2696 novemcotlutr'onar
622 2631 788 2707 distinctae,
808 2630 922 2710 quibus
944 2629 1016 2692 libri
1038 2630 1117 2692 iuris
1140 2629 1275 2692 leudulis
1297 2633 1330 2692 in
1432 2707 1438 2719 ἱ
1534 2587 1535 2630 ἶ

132 2733 222 2797 ltalia
258 2735 431 2814 conscripti
462 2738 608 2810 tanquam
638 2731 756 2794 decima
779 2729 949 2810 aliquando
969 2729 1165 2793 addebantur
1188 2729 1327 2793 collatio.

132 2835 387 2898 institutionibus
409 2841 441 2896 et
454 2833 561 2896 Codici
574 2835 690 2895 breves
702 2830 905 2895 Novellarum
928 2833 1083 2912 epitomas,
1106 2837 1138 2894 et
1157 2833 1233 2913 ipsae
1245 2849 1329 2894 nunc

129 2936 321 3000 anthentica
353 2936 462 3012 dicte,
492 2938 641 3012 insertae,
676 2950 737 3018 nqo
768 2949 833 2994 non
855 2929 1080 3012 Imperatorum
1104 2932 1329 2996 Germanorum

129 3037 328 3118 quorundam
352 3053 443 3099 novar
465 3036 718 3098 constitutiones.

171 3155 202 3234 ξ.
214 3151 286 3218 104.
331 3153 451 3214 inculta
474 3153 647 3234 permansit
668 3151 747 3212 iuris
768 3151 888 3212 romani
911 3151 943 3212 iu
968 3151 1094 3234 Europa
1116 3151 1329 3234 perplurima

127 3251 246 3314 secula
275 3254 449 3330 institutio,
484 3253 523 3316 ob
545 3251 725 3314 methodum
747 3251 942 3314 dialecticam
965 3253 1161 3315 scholastica
1183 3253 1330 3333 pbiloso-

126 3353 212 3436 pbiae
241 3356 273 3416 ln
296 3373 332 3416 ea
356 3361 514 3436 receptam
541 3355 706 3416 barbarior
727 3354 818 3415 lacta,
870 3353 1012 3433 Ipsorum
1032 3352 1164 3415 fontium
1185 3357 1330 3413 accurata

128 3455 308 3534 inquisitio,
329 3459 397 3518 sine
417 3455 613 3538 philologica
633 3455 892 3536 interpretatione
909 3452 1080 3530 difficilior,
1102 3458 1174 3534 post
1187 3451 1330 3513 Glossam

129 3557 345 3635 compositam,
366 3555 490 3638 negligi
513 3556 625 3635 ooepit;
652 3571 721 3616 cnm
742 3555 773 3615 in
796 3555 874 3616 iuris
897 3571 957 3615 usu
979 3554 1085 3636 magni
1106 3551 1228 3614 numeri
1250 3568 1329 3612 aue

127 3659 232 3720 torum
254 3657 455 3722 recitatorum
480 3647 658 3720 'auctoritas
680 3658 847 3738 plurimum
870 3655 1003 3718 valeret.
1058 3653 1181 3718 Saeculo
1205 3652 1329 3714 demum

130 3756 252 3821 decimo
274 3766 366 3822 sexto
387 3761 506 3822 renatis
524 3759 625 3823 literis
640 3762 788 3840 antiquis,
810 3759 1019 3840 philosophia
1031 3759 1234 3837 historiaque
1257 3761 1328 3818 stu-

131 3857 205 3940 diis,
228 3857 394 3924 libcralior
415 3859 555 3924 elllornit
586 3863 665 3939 iuris
688 3860 866 3941 disciplina.
918 3859 1118 3922 coniunxere
1146 3866 1222 3922 tunc
1248 3860 1327 3920 iuris

129 3956 279 4022 doctores
302 3961 443 4024 melioris
466 3965 549 4025 trotae
574 3963 653 4024 iuris
676 3963 839 4024 scientiam
862 3979 931 4023 curn
946 3960 1011 4024 illis
1024 3961 1209 4041 disciplinis,
1233 3965 1327 4040 atquc

127 4057 281 4123 historice
303 4063 353 4122 ius
376 4077 537 4124 romanum
553 4061 741 4144 indagantes
755 4079 861 4123 veram
876 4079 913 4122 ac
928 4080 1107 4144 germanam
1123 4061 1202 4122 iuris
1218 4065 1327 4136 artem,

129 4161 233 4242 qualis
255 4164 338 4244 apud
364 4171 491 4228 veteres
509 4162 627 4239 deruit,
651 4181 847 4246 cognoscere
872 4169 903 4226 et
921 4164 961 4225 in'
977 4165 1071 4225 vitam
1093 4164 1206 4228 iterum
1227 4178 1327 4223 revo-

6 4285 11 4294 ·
126 4279 201 4324 care
217 4265 418 4330 studuerunt.
462 4267 539 4330 lude
561 4269 640 4330 iuris
654 4268 907 4348 anteiustinianei
927 4266 1110 4348 superstitio
1129 4267 1325 4328 monumenta

123 4445 321 4458 —--.-.-...

162 4547 191 4616 1)
210 4550 277 4606 ludo
293 4552 463 4620 prouerbium
484 4551 565 4602 illud:
587 4549 667 4612 Quod
677 4565 732 4602 non
743 4549 864 4616 agnoscit
877 4550 977 4614 glossa,
993 4547 1022 4598 id
1040 4563 1093 4600 non
1105 4546 1226 4612 agnoscit
1239 4545 1320 4595 ouria.

1532 4659 1535 4728 l
