3082 4976
211 356 245 410 12
523 362 723 402 tumtunm!
742 361 815 400 111111
835 361 939 400 lomi
961 362 1080 406 nlffl'l.

177 555 179 562 ,
253 497 343 581 §.aa
389 498 486 580 Agris
511 495 655 560 colendis
683 495 774 577 primi
796 495 926 558 Romani
956 511 1083 576 operam
1106 493 1271 573 dederunt,
1303 515 1411 580 neque

209 599 418 682 ignominiosa
442 599 508 661 bec
528 605 560 661 et
579 598 774 679 principibus
799 598 976 678 occupatio,
1004 596 1078 660 dum
1100 598 1171 660 cive
1192 598 1330 663 Romano
1354 601 1410 663 in-

208 701 296 784 digni
319 699 513 763 habebantur
535 699 655 762 sordidi
678 699 892 780 operariorum
917 703 1065 778 questus.
1110 697 1253 761 Pecuniae
1276 705 1308 762 et
1328 701 1408 762 artis

209 800 368 865 scribendi
390 800 472 881 apud
496 817 550 862 eos
572 817 649 862 usus
659 799 697 886 ¹).

254 921 283 1001 ξ.
295 918 347 983 40.
391 917 638 997 antiquissimus
662 922 764 979 autem
787 917 834 977 rei
857 915 1002 980 llomanae
1023 921 1123 980 status
1145 917 1197 978 bic
1220 923 1296 980 erat.
1341 917 1408 981 Una

209 1019 288 1082 urbe
312 1017 462 1080 universa
483 1019 594 1078 civitas
616 1017 853 1090 continebatur3
886 1017 968 1078 unde
999 1033 1118 1080 morum
1140 1035 1177 1080 ac
1197 1019 1275 1080 iuris
1297 1025 1408 1100 postea

208 1119 371 1200 equalitas
392 1123 424 1180 et
449 1117 661 1180 conformitas.
705 1117 840 1180 Ordines
863 1119 978 1180 civium
1002 1119 1124 1198 patricii
1149 1137 1218 1183 cum
1241 1119 1409 1183 clientibus

209 1223 276 1283 suis
298 1224 330 1281 et
352 1219 452 1300 plebs.
496 1219 587 1282 Servi
608 1221 638 1281 in
661 1217 858 1301 singulorum
882 1218 1032 1295 dominio,
1056 1220 1139 1282 sicut
1160 1220 1242 1301 apud
1263 1218 1405 1301 reliquos

210 1320 405 1400 antiquitatis
419 1318 565 1399 populos,
577 1321 758 1382 manumissi
771 1325 872 1380 autem
886 1320 1042 1380 civitatem
1057 1321 1271 1400 acquirebant.
1294 1319 1409 1404 blagna

209 1423 270 1484 viri
292 1423 325 1482 in
347 1419 510 1482 mulierem
533 1421 564 1482 in
588 1438 709 1490 manum
731 1421 759 1482 ei
779 1419 880 1482 datam
902 1421 1064 1500 patrisque
1082 1419 1212 1483 familias
1233 1423 1265 1482 in
1288 1420 1410 1484 liberos
1448 1433 1463 1438 “

212 1527 363 1603 potestas,
389 1527 541 1602 perpetua
564 1521 758 1597 feminarum,
782 1521 854 1583 item
878 1519 1071 1610 impuberum
1096 1520 1192 1584 tutela
1206 1521 1233 1609 ²)
1241 1569 1251 1602 ,
1272 1527 1411 1604 agnato·
1524 1549 1525 1552 ¹

211 1640 279 1685 rum
301 1639 396 1685 causa
414 1625 581 1684 constituta
593 1624 634 1710 ³).
678 1622 769 1685 initio
793 1643 810 1686 a
825 1623 956 1705 regibus
969 1622 1204 1705 gubernabatur
1218 1622 1411 1704 respublica,

210 1723 293 1804 apud
320 1741 398 1803 quos
420 1725 597 1788 iurisdictio
621 1731 652 1788 et
674 1726 848 1806 imperium.
900 1725 1033 1787 Senatus
1066 1744 1083 1787 a
1109 1725 1249 1806 patribus
1278 1741 1411 1805 compo-

210 1825 302 1898 situs,
325 1825 415 1885 cuius
437 1841 553 1886 summa
577 1827 764 1898 auctoritas3
787 1827 818 1886 in
840 1825 972 1886 comitiis
997 1826 1136 1901 curiatis,
1159 1827 1190 1886 in
1214 1825 1328 1905 quibus
1349 1843 1411 1906 pa-

214 1930 279 1986 tres
302 1941 438 2005 regnase
461 1925 620 2001 videntur,
645 1925 736 2008 leges
759 1925 881 2010 (populi
902 1927 1024 2010 iussus)
1049 1923 1241 1987 ferebantur.

256 2046 284 2126 ξ.
297 2043 348 2106 41.
395 2041 467 2104 llaec
490 2044 694 2124 patriciorum
716 2042 887 2125 oligarchia
909 2041 1043 2124 a'lullip
1065 2061 1144 2126 rege
1166 2039 1410 2122 temperabatur.

212 2145 272 2206 llio
295 2145 377 2206 enirn
401 2145 457 2206 toti
479 2143 598 2225 populo
630 2146 822 2206 maiestatem
847 2144 947 2206 datam
971 2145 1092 2220 voluit,
1124 2142 1297 2225 prudenter
1319 2139 1411 2203 ordi-

212 2251 282 2307 nata
305 2241 477 2325 republica,
500 2261 597 2306 censu
620 2245 763 2306 instituto
787 2250 818 2306 ct
840 2245 975 2307 comitiis
998 2245 1191 2307 centuriatis.
1235 2242 1308 2304 llox
1331 2259 1410 2304 vero

213 2365 309 2430 reges
332 2343 475 2425 expulsi,
504 2345 710 2407 liberalaota
736 2343 933 2425 respublica,
964 2345 1001 2406 ab
1031 2347 1143 2407 annuis
1174 2340 1410 2426 magistratibus

214 2445 400 2529 gubernata.
453 2445 575 2508 Summa
606 2464 682 2508 vero
705 2446 820 2508 exinde
841 2447 923 2508 inter
945 2445 1093 2526 patricios
1117 2443 1305 2526 plebemque
1330 2450 1413 2506 cou-¹

215 2549 324 2609 tentio.
369 2546 441 2609 Post
463 2541 565 2626 plebis
588 2553 690 2609 autem
712 2547 926 2636 secessionem
948 2547 980 2607 in
1002 2552 1139 2608 montem
1163 2562 1286 2608 sacrum
1311 2544 1412 2607 liber'-

214 2653 260 2709 tas
281 2665 297 2708 a
316 2653 427 2709 senatu
450 2648 478 2708 ei
501 2646 635 2723 reddita,
659 2653 690 2709 et
710 2647 768 2708 sub
792 2647 989 2708 tribunorum
1013 2644 1115 2727 plebis
1136 2645 1235 2734 tutela
1250 2644 1412 2708 ‘collocata

215 2753 274 2809 est.
318 2746 408 2807 Nunc
432 2747 547 2808 tributa
572 2749 694 2809 comitia
728 2766 764 2811 ac
787 2747 951 2828 plebiscita
976 2731 1316 2828 sequebantumquae'
1341 2764 1412 2809 mox

216 2823 399 2908 univbrsum
422 2845 572 2928 populum
598 2847 819 2910 devinciebant
829 2847 870 2934 ⁴).

259 2961 351 3045 §.42
396 2961 506 3043 Neque
531 2981 608 3025 vero
640 2963 704 3040 illis
733 2965 858 3045 publica
890 2981 951 3047 pax
980 2981 1015 3026 ac
1046 2962 1148 3044 plebis
1178 2961 1307 3026 libertas
1336 2963 1413 3024 satis

216 3063 333 3124 lirmata
357 3063 533 3140 videbatur,
557 3082 625 3126 cum
650 3067 851 3146 patriciorum
881 3064 1029 3145 superbia
1055 3069 1086 3125 et
1109 3063 1245 3140 invidia,
1270 3063 1414 3126 domina-

215 3164 330 3224 tionem
355 3164 489 3225 civitatis
513 3163 573 3226 sibi
602 3165 773 3241 vindicans,
793 3184 859 3228 eam
874 3165 1051 3246 opprimere
1067 3168 1221 3244 perpetuo
1242 3162 1412 3226 laboraret.

217 3263 296 3325 llinc
315 3263 433 3344 publici
455 3266 633 3346 privatique
656 3267 735 3327 iuris
758 3267 896 3342 vexatio,
919 3266 990 3327 dum
1006 3264 1080 3348 lege
1101 3264 1223 3327 tandem
1237 3263 1294 3325 llll
1307 3261 1413 3324 Tabu-

218 3349 433 3426 larum'totius
456 3365 563 3446 populi
585 3368 672 3429 iussu
694 3365 920 3429 aDecemviris
944 3365 1016 3442 lata,
1039 3369 1142 3428 mutua
1164 3365 1254 3445 quasi
1277 3363 1433 3426 omniumr

218 3463 361 3525 ordinum
393 3465 556 3544 pactione,
590 3465 783 3546 reipublicae
814 3466 994 3528 constitutio
1030 3464 1170 3544 quaedam
1209 3470 1240 3526 et
1272 3461 1414 3525 universi

219 3565 297 3626 iuris
319 3563 447 3626 firmitas
471 3570 502 3625 et
524 3564 679 3628 stabilitas
702 3567 902 3628 sancirentur
913 3565 953 3652 ⁵).
1007 3564 1040 3625 ln
1065 3565 1113 3627 his
1135 3563 1192 3626 llll
1215 3563 1342 3627 Tabulis
1364 3564 1414 3626 ius

217 3661 312 3724 civile
323 3661 530 3726 Romanorum
554 3667 685 3746 primurn
710 3667 888 3728 accuratius
902 3665 1070 3742 definitum,
1094 3682 1188 3745 quum
1206 3671 1308 3728 tamen
1330 3681 1416 3744 prae·

219 3767 268 3823 ter
290 3780 343 3824 eas
375 3764 525 3826 maiorum
556 3783 682 3842 mores,
714 3766 867 3846 equibus
891 3764 1022 3846 plurima
1045 3767 1076 3828 in
1097 3764 1155 3826 llll
1177 3764 1304 3829 Tabulis
1327 3784 1415 3848 prau-

218 3863 345 3944 scripta,
370 3883 517 3947 peraeque
539 3868 785 3931 custodirentur.
838 3867 862 3928 E
881 3867 999 3930 Graeeia
1024 3867 1116 3930 iniis
1139 3866 1192 3929 vel
1215 3883 1334 3950 parum,
1362 3865 1414 3928 vel

218 4017 415 4031 ——n-

218 4177 225 4192 ⁹
246 4099 281 4190 ⁸1)
300 4106 367 4157 Plin.
389 4107 459 4159 Huc
481 4112 537 4159 nat·
556 4105 599 4160 33.
621 4107 662 4160 13.
711 4109 797 4161 Varro
819 4107 854 4198 ds
872 4123 901 4160 re
920 4114 984 4163 ruat
1003 4111 1038 4163 11.
1057 4107 1082 4162 2.
1112 4107 1284 4162 ‘Columella
1301 4109 1348 4161 lib.
1369 4109 1416 4174 VI,

217 4176 358 4311 mbiflriv.
379 4243 421 4297 34.
443 4245 468 4297 2.
489 4247 649 4316 Ciceropro
668 4249 922 4316 Muraena,oap.12.
977 4247 1007 4311 3)
1029 4251 1088 4303 Gali
1104 4252 1166 4304 lust
1190 4249 1300 4311 §5-190.

217 4314 480 4440 X‘'4'=)1L⁷iv.111.55.
501 4319 626 4372 vulda.
663 4322 774 4389 Dionys.
794 4321 883 4374 Halic-
904 4323 950 4373 XI.
959 4319 1004 4374 45.
1032 4324 1195 4390 Pomponius
1213 4319 1270 4382 §.8.
1297 4324 1330 4375 A.
1345 4322 1415 4376 Gall.

220 4456 282 4580 ..5)
300 4458 474 4593 iriq0)ll§l,49‚
492 4457 536 4523 31,
555 4459 599 4524 33,
618 4459 661 4515 34·
703 4462 797 4514 Cicero
823 4462 858 4515 ds
878 4463 1017 4528 republica
1035 4463 1075 4527 11,
1100 4461 1143 4516 36.
1186 4465 1349 4531 Pomponius
1368 4460 1415 4530 (da

237 4545 283 4595 ng.
300 4545 363 4583 runs
414 4566 420 4579 .
451 4566 458 4580 .
