3082 4976
191 350 229 408 ω
517 355 718 396 innutriunt
732 355 806 394 iiim
824 354 928 398 ΙΟΙΑΙΙ
946 353 1068 392 nimi.

196 490 329 572 imperia
352 491 421 551 erat
442 491 596 566 separate.
628 485 808 548 Auctoritas
833 485 902 548 eius
921 484 1030 550 eadem
1050 483 1151 548 fuisse
1173 483 1299 562 dicitur,
1322 501 1396 566 que

195 594 228 654 in
250 591 321 654 aliis
338 588 561 650 Germanorum
584 587 694 669 regnis
716 588 795 650 iuris
816 589 954 663 ramani3
976 593 1011 650 ut
1032 603 1143 668 nempe
1157 589 1245 652 aives
1269 589 1396 672 origine

193 693 324 756 Romani
357 695 390 754 et
424 687 633 752 ecclesiastici
664 705 702 749 eo
740 693 924 764 uterentur,
953 689 1026 752 dum
1056 688 1202 752 Germani
1235 688 1395 768 barbaro,

200 800 235 856 ut
256 793 365 856 dicero
388 790 517 854 solitum
539 795 618 866 eret,
640 790 703 868 tepe
726 791 885 854 vivebam.
908 792 973 856 'iaii
995 794 1088 855 modo
1108 795 1158 856 ius
1171 793 1395 856 iustinianeum

196 912 213 955 a
236 894 346 974 quinto
378 909 481 972 usque
512 891 551 954 ad
576 892 728 954 decimani
750 893 898 956 saecuiurn
926 895 959 955 in
991 894 1054 957 iliis
1079 900 1173 956 terrae
1200 894 1341 976 partibus
1363 895 1395 956 in

199 1010 259 1057 usu
282 993 465 1073 permansit.
523 991 613 1065 Quod
642 992 768 1072 quidem
791 1011 829 1056 ea
853 993 982 1056 iaciiius
1000 997 1130 1058 evenire
1155 995 1275 1076 patuit,
1309 994 1395 1074 quod

197 1095 401 1176 magistratus
427 1099 458 1153 et
483 1091 622 1168 iudiaeS,
655 1093 764 1172 quales
787 1111 804 1154 ιι
829 1092 1036 1156 Constantino
1060 1100 1091 1156 et
1113 1094 1283 1157 Iustiniana
1300 1095 1397 1157 insti·-

196 1187 256 1258 tuti
280 1199 370 1257 erant
391 1195 423 1256 in
444 1192 589 1273 piuribus
610 1194 788 1272 municipiis
810 1192 918 1270 italie,
941 1193 1053 1256 iisdern
1074 1192 1188 1258 oiiiciis
1213 1194 1396 1277 iungentes,

195 1294 421 1378 perdurabant.
464 1295 575 1375 Neque
598 1297 630 1358 in
653 1301 751 1358 toturn
773 1296 909 1360 desiisse
932 1296 1060 1359 videtur
1079 1296 1157 1359 iuris
1178 1296 1299 1358 romani
1323 1301 1397 1359 stu-

194 1397 281 1460 dium
302 1398 336 1458 in
359 1395 467 1472 itaiia,
494 1415 564 1460 cum
585 1398 663 1460 iuris
684 1397 794 1462 schola
816 1398 922 1462 Romae
943 1419 960 1464 a
977 1401 1150 1464 Iustiniana
1171 1401 1342 1464 constituta
1363 1403 1398 1460 et

195 1503 305 1578 postea
330 1497 474 1560 extitisse
499 1487 645 1560 videatur
657 1497 694 1584 ¹).

237 1600 267 1680 §-
292 1597 363 1662 100.
407 1596 673 1678 Elapsisaliquot
693 1599 809 1662 deinde
830 1599 967 1676 seculis,
992 1606 1157 1682 postquam
1173 1619 1214 1664 ex
1236 1602 1397 1684 gentibus,

185 1699 281 1760 :inter
306 1715 342 1759 se
367 1697 515 1774 diversis,
538 1698 684 1762 Romanis
707 1699 829 1763 sciiicct
853 1707 884 1763 et
905 1701 1086 1778 Germanis,
1118 1719 1200 1764 nova
1223 1704 1397 1785 progenies

198 1803 230 1860 et
262 1815 344 1860 nava
368 1799 509 1878 quedam
532 1801 615 1862 natio
638 1800 818 1880 prodierat,
853 1808 1066 1884 vegetamque
1090 1803 1189 1866 omnis
1212 1803 1287 1864 vite
1308 1820 1399 1864 eom·-

197 1901 351 1964 mercium
373 1899 477 1962 iuerat
492 1901 683 1977 restitutum,
706 1917 776 1964 curn
797 1908 882 1964 artes
897 1906 1042 1966 revocari
1063 1905 1244 1984 caepissent,
1266 1909 1399 1966 natura-

198 1999 273 2062 iiter
298 1997 415 2078 evenit,
439 2006 473 2060 ut
495 2006 525 2062 et
540 2002 617 2063 iuris
631 2001 766 2064 studium
780 2005 1001 2080 revivisceret,
1024 2003 1120 2084 idque
1141 2005 1173 2065 in
1187 2007 1399 2066 iureromano

197 2100 378 2184 indagando
398 2107 582 2181 poneretur,
606 2103 696 2165 cuius
719 2105 897 2166 accuratior
919 2105 1058 2186 cognitio
1083 2105 1200 2185 ubique
1222 2103 1399 2168 desiderari

203 2201 325 2282 debuit.
381 2200 458 2264 lnde
491 2203 551 2264 iam
584 2201 705 2266 decima
728 2203 957 2284 undecimaque
984 2205 1109 2286 saecuiis
1132 2223 1195 2268 nan
1215 2203 1397 2278 defuerunt,

199 2301 308 2382 quiin
330 2302 400 2364 iure
423 2301 561 2364 Romana
581 2308 641 2366 tam
664 2303 835 2381 discendo,
858 2323 948 2385 quarn
972 2305 1114 2370 docendo
1136 2324 1263 2387 operam
1289 2324 1399 2370 sume·

198 2408 281 2479 rent,
304 2402 467 2482 librosque
490 2401 529 2464 de
554 2421 592 2466 eo
615 2405 863 2482 conscriberent,
885 2407 917 2468 in
938 2405 1054 2485 quibus
1069 2413 1278 2470 recensentur
1300 2406 1398 2470 insti-

199 2505 355 2565 tutionum
379 2501 614 2582 compendium,
637 2503 720 2583 quad
744 2523 859 2586 corpus
883 2506 991 2589 legum
1013 2507 1065 2568 vei
1088 2507 1313 2590 Braabyiaqrun
1336 2525 1398 2570 vo·
1459 2499 1463 2507 ’

205 2591 288 2681 cant,
314 2606 404 2666 cuius
429 2622 538 2668 verum
562 2623 677 2668 nomen
700 2613 765 2670 est:
788 2609 910 2674 stema
925 2609 1138 2686 Noaeiiorum3
1163 2613 1236 2674 item
1250 2609 1337 2674 Petri
1357 2609 1401 2671 ie-

197 2723 268 2786 qaan
291 2707 515 2788 excerptiones,
537 2709 662 2790 aiiaque
676 2709 715 2796 ²).

218 2813 220 2820 ’
241 2812 359 2891 §AOL
405 2811 528 2875 Saecula
551 2812 688 2892 denique
703 2812 889 2876 duodecimo
912 2814 1017 2878 alacre
1038 2815 1117 2876 iuris
1130 2813 1250 2876 rornani
1261 2811 1400 2875 studium

199 2909 353 2988 refloruit,
377 2929 447 2974 cum
459 2911 608 2976 bononie
620 2913 761 2976 irnerius
776 2914 911 2994 quidam,
934 2915 1091 2978 nescimus
1106 2931 1170 2994 quo
1187 2913 1251 2976 iato
1273 2914 1399 2989 ductus,

202 3012 300 3075 libros
323 3015 401 3075 iuris
424 3013 530 3076 civilis
555 3014 653 3098 (inter
673 3033 745 3076 ann.
771 3039 853 3078 actv
877 3021 908 3078 ct
931 3016 1025 3101 nexa)
1048 3013 1175 3096 publice
1199 3013 1400 3093 interpretari

200 3113 360 3193 caepisset,
383 3111 479 3194 idque
501 3131 621 3177 summa
643 3115 693 3177 sui
716 3115 866 3196 temporis
880 3133 950 3179 curn
966 3115 1131 3196 applausu,
1155 3121 1190 3177 ut
1211 3115 1308 3178 totius
1331 3113 1400 3176 iere

199 3210 333 3293 Europae
354 3214 479 3294 populis
502 3214 581 3276 iuris
605 3213 744 3277 saboiam
765 3213 922 3277 fundaret.
966 3213 1125 3278 Vocantur
1139 3220 1243 3278 autern
1262 3219 1297 3274 ut
1319 3215 1401 3294 ipsc,

202 3313 244 3376 ita
268 3313 339 3376 eius
360 3313 519 3396 discipuli,
544 3333 623 3395 quos
646 3315 797 3396 plurimos
820 3316 939 3392 habuit,
970 3316 1183 3392 Glossatores,
1206 3335 1224 3378 a
1248 3315 1400 3380 rnetbado

198 3415 241 3478 iis
254 3417 393 3497 propria,
403 3417 480 3482 iuris
493 3419 643 3482 articulos
651 3417 761 3498 plastis
774 3419 843 3481 sive
855 3418 972 3482 notulis
987 3416 1197 3498 perbrevibus
1209 3414 1400 3478 illustrandi.

242 3520 273 3598 ξ.
290 3517 361 3582 102.
406 3518 615 3582 bononiensis
637 3519 704 3582 bec
724 3520 832 3582 sabaia
855 3521 887 3582 in
911 3519 1200 3600 piurimislturopc
1220 3516 1401 3580 civitatibus

204 3633 353 3680 summam
377 3624 547 3682 consecuta
571 3624 619 3682 est
641 3620 869 3695 auctoritatem,
903 3619 1040 3682 studium
1063 3637 1099 3682 aa
1120 3635 1210 3680 usurn
1232 3618 1311 3680 iuris
1333 3617 1401 3680 iia-

206 3715 504 3780 rnano-iustinianei
533 3719 565 3780 in
589 3717 652 3782 iiiis
674 3719 891 3801 propagando.
943 3717 1088 3799 Undique
1118 3719 1150 3780 in
1173 3717 1314 3794 italiam,
1346 3717 1401 3780 ubi

201 3817 291 3898 plura
313 3820 373 3879 iam
398 3818 623 3898 aperiebantur
645 3819 902 3900 iurisprudentie
924 3819 1099 3901 gymnasia,
1121 3817 1401 3902 migrabant51m-

201 3941 399 3956 ψ

240 4031 266 4093 1)
285 4032 351 4084 Haao
372 4031 462 4084 omnis
480 4030 536 4084 iam
556 4031 637 4084 hodia
662 4037 836 4084 eximamus
857 4030 967 4084 dubium
987 4035 1049 4082 sunt
1064 4032 1168 4097 positu
1194 4027 1258 4082 vide
1275 4027 1400 4080 calabon

203 4103 330 4170 Suetonii
348 4119 382 4170 cp
383 4119 430 4166 us,
448 4103 586 4156 historiam
604 4103 670 4156 iuria
689 4103 804 4154 Romani
822 4102 912 4153 madio
932 4116 987 4153 eva
1011 4103 1186 4168 amplectans.
1212 4097 1401 4163 Heidelberge

203 4120 776 4242 1826-185N1170u8qu0uaalu00
793 4189 900 4226 rmum
918 4172 1005 4224 edidit
1027 4173 1171 4237 Gesacum,
1194 4171 1304 4223 Parisiis
1323 4167 1400 4223 1839.

202 4243 293 4312 Harpa,
313 4245 406 4298 Geraia
428 4246 569 4300 melico
578 4191 692 4298 quclts
708 4248 761 4298 asa‘t
778 4245 932 4307 Ιιιιιιιιιᾋιιιι
983 4241 1027 4296 76.
1045 4259 1101 4314 aeq.

237 4263 1400 4384 mvtdeaoetmeqapnoiui,p.214—256‚it'tt.aqqqfflqa,1.a.p.ttt-tti.

203 4386 265 4440 ntia
289 4393 394 4454 roperta
415 4393 477 4442 sunt
506 4402 523 4438 a
547 4387 611 4440 aler.
633 4390 737 4441 Olosada
760 4385 789 4438 in
808 4385 887 4438 Itetta
911 4387 1108 4452 peregrinante·
1144 4385 1283 4438 Summam
1301 4383 1399 4438 Norei-

200 4457 288 4511 iarum
312 4474 373 4510 oum
397 4460 510 4527 epitoma
535 4458 600 4510 iuris
627 4457 711 4510 oiriiia
734 4455 824 4510 medio
846 4456 1007 4510 duodecima
1030 4457 1131 4509 seculo
1155 4458 1229 4508 iacta
1249 4453 1401 4524 publicavit

202 4528 321 4582 Reroltni
339 4525 508 4581 ann01829.
531 4526 588 4583 Ed
606 4527 736 4595 Reatina
753 4527 782 4580 ia
801 4526 883 4580 Univ-
903 4525 1039 4582 Bounimai
1054 4525 1123 4581 iuria
1139 4527 1283 4596 protestor.
