3082 4976
212 363 248 420 68
538 373 740 412 minimum
761 373 835 412 111111
855 371 957 411 Romi
976 373 1097 412 Pllvffl.

221 503 385 567 admodum
408 507 553 564 tutorem.
597 501 732 564 Possunt
754 503 836 564 enim
859 501 924 578 iili,
957 503 1010 581 qui
1032 503 1064 563 in
1090 504 1253 564 curatione
1273 508 1363 577 sunt,
1396 501 1426 563 si

219 619 282 666 non
304 601 492 664 naturaliter
513 601 743 682 impediuntur,
767 601 829 682 ipsi
852 604 980 684 negotia
1002 618 1059 664 sua
1081 619 1215 684 gerere,
1238 601 1295 665 aad
1319 601 1426 682 patri-

222 702 325 764 monia
357 717 412 763 sua
441 702 510 763 sine
537 703 693 764 curatoris
723 717 882 764 consensu
904 719 964 764 nec
984 704 1127 764 minuere
1150 719 1210 764 nec
1233 717 1369 765 onerare
1382 702 1425 785 1).

126 863 128 868 .
217 801 251 864 ln
275 803 430 865 acatium
453 801 551 864 tutela
575 801 681 864 differt
710 821 726 863 a
755 803 937 879 curatione,
971 802 1054 882 quod
1083 809 1211 864 curator
1238 801 1276 866 ad
1304 808 1425 865 certam

219 917 343 964 causam
365 901 434 964 dari
455 903 611 988 potest²).

255 1003 287 1084 §-
303 1001 375 1068 245.
420 1001 455 1062 ln
478 1003 595 1064 ceteris
621 1001 703 1088 idem
726 1002 794 1063 iere
811 1002 938 1065 illorum
955 1021 991 1064 ac
1005 1007 1144 1066 tutorum
1160 1009 1209 1066 est
1225 1003 1362 1066 officium
1373 1003 1424 1091 8);

217 1115 344 1171 curator
368 1109 448 1169 enim
471 1112 524 1168 aut
545 1107 624 1187 ipse,
650 1111 684 1167 ut
706 1125 764 1186 pro
788 1107 927 1183 furioso,
949 1107 1124 1183 contrabit,
1145 1111 1199 1168 aut
1220 1105 1358 1186 negotiis
1381 1103 1423 1164 ab

220 1207 361 1270 curando
384 1209 485 1289 gestis
509 1208 676 1269 consentit.

256 1313 286 1391 ἓ.
299 1307 371 1374 246.
405 1305 563 1370 Bonorum
574 1306 712 1388 denique
727 1313 902 1383 curatores,
915 1305 1002 1368 nulia
1020 1307 1254 1368 interveniente
1271 1318 1424 1384 persona,

219 1414 294 1471 sunt
316 1407 476 1484 absentis,
506 1407 692 1470 hereditatis
717 1409 867 1484 iacentis,
897 1407 1050 1470 bonorum
1075 1409 1162 1482 eius,
1188 1407 1242 1485 qui
1272 1406 1303 1465 in
1328 1408 1425 1465 utero

218 1515 278 1586 est,
301 1509 353 1571 rel
373 1509 453 1584 eius,
476 1510 530 1588 qui
552 1509 644 1571 bonis
668 1511 776 1584 cessit,
800 1523 932 1588 quorum
955 1507 1184 1570 administratio
1208 1525 1226 1568 a
1248 1503 1425 1568 creditori-

217 1609 278 1672 bus
301 1609 394 1672 alicui
419 1609 594 1686 mandatur,
618 1609 753 1689 aliisque
776 1611 808 1670 in
831 1609 988 1672 similibus
1012 1608 1137 1672 casibus
1158 1606 1335 1686 admissi4).

260 1707 375 1790 §.242
419 1705 541 1771 Finitur
563 1725 638 1770 cura
658 1709 768 1771 iisdem
798 1708 866 1770 iere
887 1709 1006 1784 modis,
1038 1723 1108 1788 quae
1133 1715 1165 1770 et
1194 1707 1302 1768 tutele
1326 1705 1423 1768 finem

215 1811 398 1891 imponunt:
430 1815 466 1870 ut
484 1816 585 1872 morte
607 1807 659 1872 vel
685 1827 797 1892 magna
822 1812 933 1890 capitis
957 1809 1164 1884 diminutione
1189 1809 1346 1871 curatoris
1368 1811 1426 1870 aut

221 1913 301 1988 eius,
326 1913 432 1991 quiin
454 1915 617 1976 curatione
638 1917 705 1988 est3
727 1914 802 1974 item
825 1929 894 1974 cum
917 1917 1087 1973 excusatus
1109 1917 1162 1973 aut
1182 1895 1329 1991 tanquam
1345 1927 1426 1973 sus-

178 2037 185 2046 ·
219 2018 331 2094 pectus
355 2018 482 2074 curator
504 2018 644 2074 remotus
665 2013 716 2074 sit.
761 2012 836 2074 item
866 2013 893 2073 si
922 2011 1064 2073 furiosus
1087 2029 1194 2074 sanam
1224 2017 1359 2072 mentem
1389 2015 1426 2072 et

219 2111 375 2195 prodigus
395 2129 488 2174 suanos
510 2129 614 2175 mores
636 2113 828 2192 receperint,
852 2113 922 2191 ipso
945 2113 1015 2172 iure
1039 2111 1189 2172 desinunt
1211 2112 1244 2172 in
1265 2117 1425 2193 potestate

221 2218 400 2275 curatorum
420 2212 545 2298 esse5).
590 2211 666 2275 Cum
689 2215 842 2275 incertum
865 2215 917 2290 sit,
939 2233 978 2275 an
1001 2215 1152 2292 furiosus,
1174 2216 1227 2294 qui
1249 2214 1356 2276 lucido
1368 2215 1425 2276 in-

220 2309 357 2375 tervalio
379 2328 471 2391 quam
492 2311 679 2395 longissimo
701 2313 827 2388 irruitur,
848 2316 1031 2395 resipuerit,
1053 2333 1094 2376 ex
1113 2312 1276 2377 iustiniani
1299 2315 1427 2376 consti-

221 2413 343 2474 tutione
365 2413 487 2474 curotio
513 2418 630 2476 tantum
652 2413 802 2494 suspendi
826 2419 859 2475 et
880 2420 981 2476 morte
1003 2417 1125 2478 demum
1152 2415 1265 2478 furiosi
1294 2415 1426 2478 omnino

690 2507 696 2540 t

214 2513 296 2576 finiri
317 2512 444 2574 iubetur
454 2513 493 2599 Β).

260 2613 376 2696 §.aaa
418 2612 557 2676 Minores
580 2613 675 2676 tutela
699 2613 874 2676 liberantur
894 2615 1050 2696 completo
1063 2639 1120 2680 nv
1140 2634 1233 2694 anno,
1259 2619 1314 2696 qui
1328 2632 1423 2678 com-

218 2719 346 2796 putatur
367 2731 384 2775 a
404 2719 560 2776 momento
582 2715 614 2774 in
637 2719 826 2776 momentum
847 2714 910 2776 diei
931 2716 1054 2791 natalis,
1076 2733 1136 2778 nec
1158 2721 1193 2777 ut
1207 2715 1336 2778 ultimus
1348 2716 1422 2778 dies

218 2819 339 2894 coeptus
360 2813 514 2876 habeatur
536 2831 593 2893 pro
616 2813 745 2894 impleto
758 2813 793 2895 ¹).
836 2814 981 2896 Denique
1003 2816 1110 2878 atille
1130 2819 1232 2879 minor
1252 2819 1422 2880 curatione

148 2901 157 2916 ⁸
218 2915 294 2989 exit,
318 2915 372 2994 qui
395 2930 453 2993 per
473 2914 661 2993 rescriptum
684 2915 833 2994 principis
856 2917 980 2978 veniam
1002 2920 1101 2980 etatis
1122 2918 1296 3004 accepit⁸).

258 3016 289 3096 ᾖ.
302 3011 374 3078 249.
417 3012 519 3076 Finito
540 3031 599 3076 suo
619 3013 723 3077 officio
746 3021 873 3078 cumton
895 3033 958 3078 non
979 3020 1098 3094 miuus,
1128 3035 1220 3099 quam
1241 3023 1344 3095 tutor,
1379 3018 1421 3081 ad

213 3114 353 3176 rationes
383 3112 562 3176 reddendas
597 3119 629 3176 ct
657 3115 697 3177 ad
727 3117 921 3180 restituenda
950 3137 987 3180 ea
1017 3123 1159 3196 tenetur,
1191 3135 1262 3200 qum
1290 3113 1421 3182 restitui

213 3213 340 3276 debent.

249 3403 318 3456 TIT.
330 3403 404 3454 vm.
442 3404 492 3455 DE
510 3402 833 3458 saursnamommus
851 3406 1029 3482 Turonum
1047 3411 1095 3462 ΕΤ
1113 3405 1383 3474 connubunt).

259 3503 375 3586 §.too
417 3501 465 3566 Ne
490 3505 615 3585 negotia
644 3503 789 3586 bonaque
817 3505 1029 3586 pupillorum,
1064 3510 1116 3572 vol
1143 3529 1271 3586 eorum,
1305 3509 1420 3590 quiin

138 3665 140 3672 χ
217 3604 380 3666 curatione
402 3608 492 3680 sunt,
519 3623 536 3666 a
560 3605 717 3667 tutoribus
741 3608 981 3671 curatoribusve
1002 3618 1227 3675 consumantur
1246 3616 1301 3674 aut
1320 3610 1421 3672 dimi-

249 3815 278 3883 1)
296 3816 365 3868 Inda
384 3816 478 3868 dicitur
496 3819 524 3869 in
541 3819 573 3869 tr.
592 3815 653 3870 101.
673 3815 705 3870 Ι).
724 3817 770 3884 45,
789 3819 804 3873 1
825 3817 873 3884 (da
891 3823 967 3874 raab.
985 3825 1097 3894 oblig.):
1124 3827 1246 3879 Puberes
1264 3826 1323 3878 atne
1340 3839 1423 3876 curu

210 3891 314 3942 toribus
333 3887 387 3939 suis
405 3903 486 3954 posse
512 3889 633 3956 obligari.

248 3957 278 4025 2)
296 3957 321 4018 §-
340 3958 366 4011 2.
384 3959 406 4008 Ι.
425 3959 453 4010 h.
473 3966 493 4011 t
691 3957 721 4026 3)
739 3961 783 4012 Iit.
802 3959 844 4013 13.
862 3979 902 4029 pr.
920 3961 952 4014 1).
970 3962 1015 4028 at,
1033 3965 1047 4017 1
1068 3963 1116 4034 (de
1134 3965 1279 4032 excusat).

246 4030 278 4092 4)
296 4030 340 4080 Fr.
359 4029 385 4082 1.
403 4027 447 4082 15.
467 4048 506 4097 pr.
528 4027 595 4093 DA,
614 4027 631 4082 5
651 4029 699 4098 (da
718 4034 806 4100 capite
824 4031 952 4100 minuta).
971 4038 1003 4088 fr.
1022 4031 1047 4088 8.
1068 4035 1100 4088 D.
1118 4040 1146 4090 h.
1163 4047 1183 4090 t
1201 4043 1234 4092 fr.
1253 4039 1278 4091 2.
1296 4051 1336 4104 pr·
1355 4034 1420 4093 Μ.

213 4101 245 4154 Ι).
263 4099 309 4164 42,
328 4096 346 4151 1
366 4099 415 4166 (ds
434 4101 513 4154 bonta
531 4108 602 4153 suat
620 4103 717 4154 iudicia
733 4099 856 4169 possid).

246 4171 276 4237 5)
297 4173 342 4222 Pr.
360 4171 386 4223 1.
403 4189 443 4239 pr.
460 4174 489 4224 iu
506 4176 526 4225 f.
545 4171 577 4223 D.
595 4159 639 4235 2⁷,
657 4173 692 4226 lo
711 4172 758 4237 (de
775 4179 858 4225 curat
877 4175 991 4242 furiosi).

246 4242 276 4307 6)
297 4243 327 4295 (i.
349 4243 373 4294 1.
393 4260 416 4295 o
435 4243 461 4297 6.
480 4245 509 4296 0.
529 4241 555 4308 ὅ,
575 4240 610 4296 70
628 4241 676 4308 (da
695 4252 778 4296 curat
796 4244 910 4310 furiosi).

247 4311 341 4402 ibib.
357 4313 384 4366 3.
409 4313 433 4374 1.
451 4314 478 4367 3.
497 4311 529 4366 D.
547 4313 612 4379 4‚4
635 4313 685 4381 (da
701 4313 844 4382 minam).
872 4320 936 4384 Arg.
954 4333 979 4370 a.
997 4315 1023 4370 ὅ.
1050 4317 1183 4382 (1.6,33
1206 4317 1331 4390 (quando
1358 4319 1419 4374 dies

211 4383 421 4521 1088)οῬῗῆ
440 4457 471 4508 0.
490 4456 517 4519 2,
534 4455 572 4510 45
588 4455 636 4523 (da
657 4459 699 4509 hta
716 4459 761 4526 qui
781 4460 887 4511 ventem
906 4457 1011 4524 catasta).

245 4526 275 4592 9)
293 4529 358 4581 Inna
377 4530 398 4581 Ι.
418 4525 453 4581 24
472 4527 779 4594 (damnationem
797 4530 841 4584 rol
857 4527 934 4596 cur.).
