3098 4966
203 373 257 432 108
529 385 728 423 rnsrrrurronns
748 385 821 424 roam
839 385 943 424 aornar
961 387 1081 424 rnrvnrr.

203 515 298 578 ullam
319 513 413 578 dandi
436 513 529 576 hahet
551 513 731 577 facultatem
743 516 782 601 1).
827 515 953 577 Fratres
975 533 1054 579 vero
1076 518 1239 600 cogendos
1261 535 1344 597 esse,
1367 524 1403 582 ut

204 617 308 680 dotem
331 619 523 680 constituant
545 618 730 694 sororibus,
759 618 847 680 nulla
870 618 946 701 lege
970 616 1146 705 iubeant).
1192 619 1262 700 Ipsa
1290 621 1403 684 mulier

202 719 240 784 ad
267 719 369 782 dotem
393 719 641 783 constituendam
664 722 736 802 cogi
758 739 821 782 non
844 720 949 782 debet.

244 819 359 908 §.335
403 820 468 884 Dos
490 826 592 882 autem
615 821 817 882 constituitur
846 821 951 882 multis
978 820 1096 883 modist
1122 825 1176 883 aut
1198 823 1279 884 enim
1301 821 1402 897 datur,

203 926 256 984 aut
278 925 369 1001 pacto
391 920 443 983 vel
469 921 696 1002 pollicitatione
724 922 933 1002 promittitur,
965 928 1018 983 aut
1040 921 1187 1004 legatur,
1217 928 1270 984 aut
1292 923 1401 986 mo'rtis

203 1038 297 1086 causa
318 1021 462 1086 donatur.
506 1023 645 1103 Antiquo
672 1025 742 1084 iure
763 1022 900 1085 Romano
932 1025 1025 1084 etiam
1056 1023 1136 1084 dotis
1166 1022 1258 1084 dictio
1281 1025 1314 1085 in
1343 1038 1403 1086 usu

204 1121 320 1207 erat³).
366 1122 426 1194 Qui
445 1122 548 1185 dotem
565 1123 716 1202 promisit,
741 1129 901 1185 contracto
914 1125 1110 1186 matrimonio
1122 1123 1287 1186 conveniri
1300 1129 1404 1204 potest

144 1279 149 1300 ,
203 1224 241 1286 ad
266 1241 332 1284 eam
354 1221 573 1302 praestandam,
596 1223 820 1302 hypothecaria
845 1225 936 1286 etiam
960 1225 1094 1286 actione.

245 1329 275 1406 ξ.
288 1323 360 1388 386.
387 1322 543 1387 ,ιιυυυυιυ
566 1325 762 1386 matrimonio
786 1325 842 1386 dos
864 1327 897 1386 in
918 1325 1055 1387 dominio
1074 1326 1177 1388 mariti
1191 1330 1249 1403 est,
1272 1327 1313 1386 ita
1328 1325 1404 1404 qui-

205 1425 286 1501 dem,
309 1430 343 1486 ut
363 1425 429 1511 ιιι)
453 1444 517 1502 res,
542 1443 611 1506 quae
635 1427 667 1487 in
690 1443 809 1508 genere
832 1426 1025 1490 functionem
1045 1429 1213 1508 recipiunt,
1236 1425 1288 1488 vel
1312 1425 1403 1486 etiam

205 1524 274 1587 aliae
296 1541 360 1601 reS,
384 1526 439 1587 sed
462 1527 636 1603 aestimatae,
658 1528 690 1588 in
711 1527 814 1590 dotem
836 1528 915 1589 date
937 1527 1064 1604 fuerint,
1087 1529 1182 1610 pleno
1203 1529 1274 1589 iure
1297 1543 1404 1587 aarum

205 1623 349 1688 dominus
370 1627 421 1700 sit,
444 1629 647 1689 restituturus
662 1628 693 1688 in
715 1627 776 1688 line
789 1629 975 1704 matrimonii
995 1628 1048 1690 vel
1062 1646 1115 1690 res
1138 1627 1278 1689 eiusdem
1301 1643 1404 1706 quan-

162 1746 165 1753 ·
204 1726 301 1786 titatis
324 1731 356 1787 et
378 1725 548 1804 qualitatis,
571 1727 623 1788 vel
645 1745 751 1790 earum
775 1730 1011 1815 aestimationem
1022 1729 1062 1814 δ).
1107 1730 1139 1792 Si
1161 1729 1404 1801 veroaliaeres,

204 1825 260 1888 sed
283 1844 345 1888 non
368 1831 542 1903 aestimatae,
570 1828 635 1890 doti
660 1828 738 1890 datae
766 1828 900 1905 fuerint,
923 1831 1064 1905 maritus,
1087 1829 1163 1890 licet
1182 1828 1323 1891 alienare
1351 1843 1405 1889 eas

204 1929 316 2008 possit,
338 1927 465 2008 plenum
490 1945 596 1990 earum
609 1930 777 1991 dominium
798 1948 862 1992 non
884 1931 978 1992 hahet
1001 1929 1083 2015 (nam
1105 1935 1230 1991 tenetur
1252 1929 1290 1991 ad
1306 1945 1359 1991 eas
1373 1928 1405 1988 in

205 2029 312 2108 specie
340 2029 554 2090 restituendas
587 2036 640 2091 aut
670 2032 906 2093 aestimationem
942 2049 1048 2092 earum
1079 2031 1317 2112 praestandam),
1349 2029 1405 2092 sed

205 2145 325 2192 omnem
351 2131 398 2190 rei
428 2145 518 2191 usum
542 2136 573 2192 et
597 2131 730 2193 fructum
754 2133 911 2212 pendente
942 2134 1156 2208 matrimonio,
1190 2149 1294 2211 neque
1327 2147 1406 2192 vero

205 2233 357 2292 rationem
381 2230 419 2292 de
441 2231 710 2294 administratione
734 2249 790 2294 sua
813 2233 950 2295 reddere
965 2233 1109 2318 lebeti).
1153 2229 1330 2314 Periculum
1347 2231 1407 2292 ha-

206 2337 273 2392 rum
297 2348 402 2392 rerum
428 2331 467 2393 ad
491 2331 654 2394 mulierem
677 2335 823 2414 pertinet.

246 2431 361 2514 §.aaa
404 2431 499 2493 Aliud
523 2433 600 2494 iuris
624 2435 728 2494 estin
753 2434 849 2496 lunula
871 2433 981 2509 dotali,
1005 2433 1044 2495 de
1071 2449 1134 2512 qno
1162 2433 1222 2493 iam
1239 2422 1406 2492 dicendum

206 2536 265 2592 est.
308 2529 421 2594 Dotale
450 2532 598 2610 precium
631 2536 760 2596 maritus
790 2536 889 2596 invita
921 2533 1053 2596 muliere
1082 2551 1140 2614 per
1167 2533 1271 2615 legem
1295 2531 1405 2592 luliarn

204 2631 391 2714 prohibetur
412 2631 569 2710 alienare,
596 2639 739 2714 quamvis
761 2637 863 2715 ipsius
886 2637 945 2712 sit,
977 2635 1058 2697 dotis
1082 2650 1175 2696 causa
1199 2633 1227 2695 ei
1251 2632 1354 2694 datum
1369 2629 1407 2714 ⁷).

207 2731 284 2796 Cum
307 2731 360 2794 lex
380 2735 506 2795 nonnisi
528 2738 561 2796 in
581 2735 707 2815 praediis
728 2736 844 2798 Italicis
866 2736 969 2799 locum
986 2737 1126 2810 haberet,
1150 2740 1183 2796 et
1199 2732 1407 2796 alienationes

205 2833 382 2909 inhiberet,
412 2851 482 2914 qua
503 2837 600 2897 invita
625 2836 757 2898 muliere
779 2837 901 2913 fierent,
925 2837 1121 2917 hypothecas
1150 2841 1254 2897 autem
1283 2832 1429 2894 illarum·

207 2952 313 2998 rerum
339 2936 432 2998 etiarn
455 2935 583 2998 volente
605 2938 698 3024 ea⁸);
725 2938 917 3000 Iustinianus
936 2938 1042 3020 legem
1057 2937 1235 3018 corrigens,
1256 2933 1407 2998 sancivit:

206 3077 299 3147 miss).
336 3083 375 3134 Re
393 3083 427 3132 ab
447 3099 475 3133 se
496 3083 608 3134 detondi
626 3083 740 3135 affinium
760 3085 842 3151 patris
862 3085 905 3134 vel
930 3083 974 3133 ari
995 3097 1054 3134 esse
1076 3081 1243 3132 credebatur.
1265 3079 1308 3128 Fr.
1327 3077 1352 3128 6.
1374 3075 1428 3127 D.‘
1506 3133 1511 3142 Ι

207 3151 251 3215 37,
269 3153 285 3205 6
304 3153 352 3213 (de
373 3155 463 3206 collat.
483 3151 599 3218 bonon).

242 3225 271 3289 1)
290 3227 352 3292 Ipsa
370 3228 426 3278 fera
451 3226 534 3276 rerba
554 3227 746 3280 constitutionis
769 3225 812 3278 14.
829 3226 858 3277 (i.
878 3227 941 3276 ht
978 3224 1141 3275 lastinianus
1164 3223 1193 3272 in
1216 3225 1247 3272 ir.
1267 3220 1311 3272 19.
1339 3219 1363 3277 ἓ.
1383 3219 1407 3270 1.

208 3295 237 3347 C.
256 3297 282 3360 i,
301 3293 318 3348 3
337 3293 557 3362 (dehereeias),
578 3315 632 3350 non
651 3299 818 3350 orthodoxos
835 3301 968 3364 parentes,
987 3295 1093 3344 filiabus
1113 3295 1165 3345 suis
1186 3291 1339 3344 omnimodo
1361 3290 1408 3342 do-

205 3373 246 3420 tes
266 3367 331 3419 dare
350 3367 458 3432 debere,
477 3371 574 3420 statuit.
796 3382 798 3386 ·

242 3437 270 3504 2)
291 3439 415 3492 Sororem
433 3457 588 3508 germanam
606 3441 650 3491 rel
669 3440 893 3506 consanguineam
906 3435 1019 3486 dotandi
1037 3435 1222 3484 necessitatem
1241 3434 1322 3498 vulgo
1344 3448 1406 3482 con·

207 3512 288 3561 traric
313 3519 468 3577 argumento
490 3527 526 3562 ex
549 3511 810 3562 hierophanta.
835 3509 858 3568 §-
877 3506 903 3558 3.
930 3510 963 3556 D.
983 3502 1026 3566 27,
1050 3504 1066 3555 6
1087 3504 1133 3569 (de
1152 3504 1286 3556 administ.
1306 3508 1332 3553 et
1350 3519 1406 3569 per.

207 3579 268 3646 tut)
290 3579 434 3634 deducunt.
472 3581 542 3646 „Sed
560 3597 615 3633 non
634 3583 709 3632 dabit
731 3583 820 3633 dotem
839 3579 923 3630 sorori
942 3579 994 3628 alio
1013 3581 1188 3641 petronate,
1216 3577 1295 3626 etiam
1318 3575 1340 3624 si
1359 3575 1408 3624 ali·

207 3660 248 3704 tor
267 3667 300 3704 aa
318 3655 420 3704 nubere
441 3671 496 3706 non
513 3655 609 3721 possit:
634 3669 698 3704 nam
724 3655 773 3705 etei
797 3654 923 3711 honeste,
948 3665 985 3702 ox
1002 3647 1163 3702 liberalitate
1182 3651 1274 3697 tamen
1292 3647 1328 3706 ht,
1350 3659 1410 3712 qua

209 3726 345 3776 servanda
363 3727 471 3778 arbitrio
489 3725 585 3793 pupilli
606 3726 668 3777 est“
704 3725 740 3776 At
758 3723 862 3775 etiamsi
881 3721 947 3789 quid
963 3720 1030 3770 inde
1044 3717 1261 3769 concludendum
1274 3722 1352 3777 esset,
1368 3721 1409 3766 ta-

208 3813 271 3847 men
287 3798 393 3848 nonnisi
410 3799 541 3848 naturalis
560 3797 674 3848 dotandi
692 3797 820 3863 obligatio
838 3793 948 3861 probari
965 3795 1071 3858 posset,
1097 3805 1148 3840 nee
1168 3804 1232 3840 vero
1250 3789 1408 3850 necessitas,

207 3883 260 3935 qua
278 3869 339 3934 cogi
356 3876 448 3934 posset
466 3873 555 3920 irater.

242 3935 271 4002 3)
289 3939 357 3990 Inde
379 3939 511 4006 Ulpianus
529 3941 574 3990 Vl.
593 3939 618 3991 1.
655 3941 725 4000 „Dos
743 3943 791 3990 aut
809 3937 897 3999 (latur,
916 3940 963 3985 aut
982 3932 1085 3994 dieitur,
1103 3935 1150 3981 aut
1166 3929 1348 3997 promittitur.“

241 4007 271 4074 4)
290 4013 333 4062 Pr.
352 4012 372 4061 I.
392 4013 418 4074 2,
436 4010 462 4062 8.
479 4014 510 4061 fr.
529 4008 554 4062 7.
574 4010 598 4070 ἓ.
618 4007 644 4060 3.
662 4012 695 4061 D.
713 4010 756 4062 ott.
1273 4071 1280 4084 ·
1377 4070 1385 4086 ‚

243 4079 271 4145 5)
290 4083 333 4132 Fr.
351 4081 395 4134 42.
415 4085 448 4133 D.
467 4084 495 4132 h.
512 4088 531 4133 t
549 4099 572 4134 c.
591 4079 616 4134 5.
632 4081 675 4134 11.
700 4081 730 4132 G.
753 4078 779 4144 5,
801 4079 947 4132 rauco.
967 4091 1010 4128 un.
1031 4069 1281 4136 o.5‚13(‹tere1
1306 4085 1409 4121 uxone

207 4155 334 4206 actione.

243 4221 271 4287 6)
289 4149 334 4274 Fl
353 4219 378 4273 7.
397 4222 420 4282 ἓ.
428 4220 453 4274 3.
473 4223 505 4273 fr.
524 4222 566 4276 10.
587 4221 610 4282 ἓ.
620 4221 645 4274 3.
667 4225 700 4274 D.
721 4223 748 4272 h.
766 4227 785 4272 t.
804 4223 835 4272 ir.
849 4215 893 4270 67.
910 4219 943 4268 D.
953 4215 996 4280 24,
1013 4215 1032 4268 3
1050 4213 1151 4280 (soluto
1169 4213 1337 4264 matrimonio
1358 4211 1409 4263 dos

207 4291 607 4430 qappppmpappsppppupp).
629 4365 687 4415 oa.
703 4364 728 4416 υ.
747 4363 771 4424 s.
789 4359 832 4414 63.
850 4360 972 4412 esuum.
991 4359 1034 4411 21.
1053 4362 1077 4422 §-
1091 4359 1115 4410 a
1134 4358 1201 4407 nnc
1219 4371 1253 4406 aa
1273 4355 1320 4404 101
1338 4353 1410 4404 mua

208 4437 243 4488 (ιο
261 4436 408 4486 adulteriis.

243 4503 272 4568 8)
295 4506 355 4557 Gai.
374 4499 399 4558 2.
418 4504 496 4565 §.62
515 4505 558 4557 63.
579 4504 643 4556 inl.
662 4522 701 4571 pr.
719 4502 838 4568 n.1,16.
856 4503 891 4560 D,
912 4501 939 4551 h.
956 4507 975 4552 t
994 4517 1017 4550 c.
1037 4501 1063 4551 1.
1082 4499 1112 4552 G.
1133 4497 1195 4549 eod.
1218 4512 1242 4547 o.
1262 4510 1308 4546 un.
1330 4493 1354 4552 §-
1365 4491 1409 4548 15.

209 4577 240 4628 0.
260 4573 408 4640 o,13(ua
427 4573 493 4641 cit).
1100 4604 1104 4611 -
