<?xml version="1.0" encoding="UTF-8"?>
<!DOCTYPE html PUBLIC "-//W3C//DTD XHTML 1.0 Transitional//EN"
    "http://www.w3.org/TR/xhtml1/DTD/xhtml1-transitional.dtd">
<html xmlns="http://www.w3.org/1999/xhtml" xml:lang="en" lang="en">
 <head>
  <title>
</title>
<meta http-equiv="Content-Type" content="text/html;charset=utf-8" />
  <meta name='ocr-system' content='tesseract 3.04.00' />
  <meta name='ocr-capabilities' content='ocr_page ocr_carea ocr_par ocr_line ocrx_word'/>
</head>
<body>
  <div class='ocr_page' id='page_1' title='image "./institutionesiu01warngoog_0160.png"; bbox 0 0 3098 4966; ppageno 0'>
   <div class='ocr_carea' id='block_1_1' title="bbox 559 296 1338 366">
    <p class='ocr_par' dir='ltr' id='par_1_1' title="bbox 559 296 1338 366">
     <span class='ocr_line' id='line_1_1' title="bbox 559 296 1338 366; baseline 0.005 -18"><span class='ocrx_word' id='word_1_1' title='bbox 559 311 640 348; x_wconf 79' lang='lat' dir='ltr'>nuens</span> <span class='ocrx_word' id='word_1_2' title='bbox 652 311 683 353; x_wconf 79' lang='grc' dir='ltr'>ιι.</span> <span class='ocrx_word' id='word_1_3' title='bbox 696 311 763 366; x_wconf 76' lang='lat' dir='ltr'><strong>suns</strong></span> <span class='ocrx_word' id='word_1_4' title='bbox 775 312 804 352; x_wconf 85' lang='lat' dir='ltr'>n.</span> <span class='ocrx_word' id='word_1_5' title='bbox 818 311 876 351; x_wconf 77' lang='lat' dir='ltr'>etr.</span> <span class='ocrx_word' id='word_1_6' title='bbox 888 311 918 352; x_wconf 87' lang='lat' dir='ltr'>n.</span> <span class='ocrx_word' id='word_1_7' title='bbox 1289 296 1338 352; x_wconf 83' lang='lat'>141</span> 
     </span>
    </p>
   </div>
   <div class='ocr_carea' id='block_1_2' title="bbox 134 415 1344 1528">
    <p class='ocr_par' dir='ltr' id='par_1_2' title="bbox 137 415 1344 1024">
     <span class='ocr_line' id='line_1_2' title="bbox 137 415 1344 522; baseline -0.002 -20"><span class='ocrx_word' id='word_1_8' title='bbox 137 441 270 520; x_wconf 83' lang='lat' dir='ltr'>retinet,</span> <span class='ocrx_word' id='word_1_9' title='bbox 296 439 449 504; x_wconf 87' lang='lat' dir='ltr'>honorum</span> <span class='ocrx_word' id='word_1_10' title='bbox 472 441 634 522; x_wconf 78' lang='lat' dir='ltr'><strong>possessio</strong></span> <span class='ocrx_word' id='word_1_11' title='bbox 656 440 771 503; x_wconf 89' lang='lat' dir='ltr'>dieitur</span> <span class='ocrx_word' id='word_1_12' title='bbox 792 457 865 503; x_wconf 91' lang='lat' dir='ltr'>esse</span> <span class='ocrx_word' id='word_1_13' title='bbox 887 456 954 500; x_wconf 86' lang='lat' dir='ltr'>oum</span> <span class='ocrx_word' id='word_1_14' title='bbox 972 455 1018 499; x_wconf 81' lang='lat' dir='ltr'>re.</span> <span class='ocrx_word' id='word_1_15' title='bbox 1044 437 1175 511; x_wconf 79' lang='lat' dir='ltr'><strong>Quando</strong></span> <span class='ocrx_word' id='word_1_16' title='bbox 1189 415 1267 499; x_wconf 69' lang='lat' dir='ltr'>uero</span> <span class='ocrx_word' id='word_1_17' title='bbox 1282 438 1344 500; x_wconf 88' lang='lat' dir='ltr'>ho-</span> 
     </span>
     <span class='ocr_line' id='line_1_3' title="bbox 138 539 1340 621; baseline -0.003 -18"><span class='ocrx_word' id='word_1_18' title='bbox 138 559 253 603; x_wconf 88' lang='lat' dir='ltr'>norum</span> <span class='ocrx_word' id='word_1_19' title='bbox 285 556 457 621; x_wconf 82' lang='lat' dir='ltr'><strong>possessor</strong></span> <span class='ocrx_word' id='word_1_20' title='bbox 494 557 558 602; x_wconf 90' lang='lat' dir='ltr'>non</span> <span class='ocrx_word' id='word_1_21' title='bbox 589 540 710 603; x_wconf 82' lang='lat' dir='ltr'>obtinet</span> <span class='ocrx_word' id='word_1_22' title='bbox 738 539 963 616; x_wconf 70' lang='lat' dir='ltr'>hereditatem,</span> <span class='ocrx_word' id='word_1_23' title='bbox 996 539 1150 600; x_wconf 89' lang='lat' dir='ltr'>honorum</span> <span class='ocrx_word' id='word_1_24' title='bbox 1178 540 1340 616; x_wconf 81' lang='lat' dir='ltr'><strong>possessio</strong></span> 
     </span>
     <span class='ocr_line' id='line_1_4' title="bbox 137 619 1341 722; baseline -0.002 -20"><span class='ocrx_word' id='word_1_25' title='bbox 137 619 258 702; x_wconf 85' lang='lat' dir='ltr'>dieitur</span> <span class='ocrx_word' id='word_1_26' title='bbox 287 641 354 701; x_wconf 83' lang='lat' dir='ltr'>eine</span> <span class='ocrx_word' id='word_1_27' title='bbox 384 657 430 702; x_wconf 84' lang='lat' dir='ltr'>re.</span> <span class='ocrx_word' id='word_1_28' title='bbox 490 640 523 704; x_wconf 91' lang='lat' dir='ltr'>Si</span> <span class='ocrx_word' id='word_1_29' title='bbox 554 641 636 704; x_wconf 87' lang='lat' dir='ltr'>enirn</span> <span class='ocrx_word' id='word_1_30' title='bbox 667 641 778 718; x_wconf 87' lang='lat' dir='ltr'>heres,</span> <span class='ocrx_word' id='word_1_31' title='bbox 818 643 923 722; x_wconf 89' lang='lat' dir='ltr'>potior</span> <span class='ocrx_word' id='word_1_32' title='bbox 949 640 1102 702; x_wconf 88' lang='lat' dir='ltr'>honorum</span> <span class='ocrx_word' id='word_1_33' title='bbox 1134 653 1341 718; x_wconf 79' lang='lat' dir='ltr'><strong>possessore,</strong></span> 
     </span>
     <span class='ocr_line' id='line_1_5' title="bbox 139 737 1341 822; baseline -0.004 -19"><span class='ocrx_word' id='word_1_34' title='bbox 139 747 308 804; x_wconf 84' lang='lat' dir='ltr'>contentus</span> <span class='ocrx_word' id='word_1_35' title='bbox 331 760 381 818; x_wconf 89' lang='lat' dir='ltr'>eo,</span> <span class='ocrx_word' id='word_1_36' title='bbox 408 741 491 822; x_wconf 86' lang='lat' dir='ltr'>quod</span> <span class='ocrx_word' id='word_1_37' title='bbox 513 742 584 804; x_wconf 88' lang='lat' dir='ltr'>iure</span> <span class='ocrx_word' id='word_1_38' title='bbox 608 742 694 804; x_wconf 90' lang='lat' dir='ltr'>civili</span> <span class='ocrx_word' id='word_1_39' title='bbox 718 742 812 806; x_wconf 88' lang='lat' dir='ltr'>heres</span> <span class='ocrx_word' id='word_1_40' title='bbox 833 743 885 818; x_wconf 89' lang='lat' dir='ltr'>sit,</span> <span class='ocrx_word' id='word_1_41' title='bbox 909 740 1115 803; x_wconf 77' lang='lat' dir='ltr'>hereditatem</span> <span class='ocrx_word' id='word_1_42' title='bbox 1136 737 1260 814; x_wconf 83' lang='lat' dir='ltr'>adierit,</span> <span class='ocrx_word' id='word_1_43' title='bbox 1280 737 1341 799; x_wconf 91' lang='lat' dir='ltr'>ho-</span> 
     </span>
     <span class='ocr_line' id='line_1_6' title="bbox 139 838 1343 923; baseline -0.002 -20"><span class='ocrx_word' id='word_1_44' title='bbox 139 859 253 904; x_wconf 85' lang='lat' dir='ltr'>norum</span> <span class='ocrx_word' id='word_1_45' title='bbox 272 843 506 922; x_wconf 86' lang='lat' dir='ltr'><strong>possessionem</strong></span> <span class='ocrx_word' id='word_1_46' title='bbox 527 860 606 904; x_wconf 89' lang='lat' dir='ltr'>vero</span> <span class='ocrx_word' id='word_1_47' title='bbox 626 849 736 923; x_wconf 88' lang='lat' dir='ltr'>petere</span> <span class='ocrx_word' id='word_1_48' title='bbox 759 843 906 920; x_wconf 87' lang='lat' dir='ltr'>noluerit,</span> <span class='ocrx_word' id='word_1_49' title='bbox 932 842 1049 904; x_wconf 83' lang='lat' dir='ltr'>evincit</span> <span class='ocrx_word' id='word_1_50' title='bbox 1074 838 1289 916; x_wconf 77' lang='lat' dir='ltr'>hereditatem,</span> <span class='ocrx_word' id='word_1_51' title='bbox 1312 844 1343 900; x_wconf 95' lang='lat' dir='ltr'>et</span> 
     </span>
     <span class='ocr_line' id='line_1_7' title="bbox 137 938 1248 1024; baseline -0.006 -18"><span class='ocrx_word' id='word_1_52' title='bbox 137 944 293 1006; x_wconf 91' lang='lat' dir='ltr'>bonorum</span> <span class='ocrx_word' id='word_1_53' title='bbox 315 960 486 1024; x_wconf 77' lang='lat' dir='ltr'><strong>possessor</strong></span> <span class='ocrx_word' id='word_1_54' title='bbox 507 948 637 1024; x_wconf 88' lang='lat' dir='ltr'>propter</span> <span class='ocrx_word' id='word_1_55' title='bbox 661 943 792 1006; x_wconf 90' lang='lat' dir='ltr'>eandem</span> <span class='ocrx_word' id='word_1_56' title='bbox 817 945 969 1006; x_wconf 87' lang='lat' dir='ltr'>rationem</span> <span class='ocrx_word' id='word_1_57' title='bbox 990 943 1058 1004; x_wconf 89' lang='lat' dir='ltr'>sine</span> <span class='ocrx_word' id='word_1_58' title='bbox 1079 959 1116 1002; x_wconf 89' lang='lat' dir='ltr'>re</span> <span class='ocrx_word' id='word_1_59' title='bbox 1140 939 1200 1002; x_wconf 89' lang='lat' dir='ltr'>erit</span> <span class='ocrx_word' id='word_1_60' title='bbox 1211 938 1248 1024; x_wconf 78' lang='grc'>1).</span> 
     </span>
    </p>

    <p class='ocr_par' dir='ltr' id='par_1_3' title="bbox 135 1039 1340 1224">
     <span class='ocr_line' id='line_1_8' title="bbox 183 1039 1340 1125; baseline -0.007 -17"><span class='ocrx_word' id='word_1_61' title='bbox 183 1047 213 1125; x_wconf 68' lang='lat'>5.</span> <span class='ocrx_word' id='word_1_62' title='bbox 224 1043 299 1108; x_wconf 86' lang='grc'><strong>492.</strong></span> <span class='ocrx_word' id='word_1_63' title='bbox 342 1043 500 1106; x_wconf 91' lang='lat' dir='ltr'>Bonorum</span> <span class='ocrx_word' id='word_1_64' title='bbox 523 1046 687 1124; x_wconf 86' lang='lat' dir='ltr'><strong>possessio</strong></span> <span class='ocrx_word' id='word_1_65' title='bbox 710 1063 769 1108; x_wconf 91' lang='lat' dir='ltr'>neo</span> <span class='ocrx_word' id='word_1_66' title='bbox 790 1045 963 1108; x_wconf 89' lang='lat' dir='ltr'><strong>novissimo</strong></span> <span class='ocrx_word' id='word_1_67' title='bbox 979 1045 1050 1104; x_wconf 89' lang='lat' dir='ltr'>iure</span> <span class='ocrx_word' id='word_1_68' title='bbox 1065 1058 1193 1106; x_wconf 89' lang='lat' dir='ltr'>romano</span> <span class='ocrx_word' id='word_1_69' title='bbox 1208 1039 1340 1114; x_wconf 85' lang='lat' dir='ltr'>sublate,</span> 
     </span>
     <span class='ocr_line' id='line_1_9' title="bbox 135 1144 1216 1224; baseline -0.003 -20"><span class='ocrx_word' id='word_1_70' title='bbox 135 1160 200 1206; x_wconf 89' lang='lat' dir='ltr'>neo</span> <span class='ocrx_word' id='word_1_71' title='bbox 223 1161 263 1205; x_wconf 89' lang='lat' dir='ltr'>ex</span> <span class='ocrx_word' id='word_1_72' title='bbox 283 1145 366 1206; x_wconf 91' lang='lat' dir='ltr'>omni</span> <span class='ocrx_word' id='word_1_73' title='bbox 388 1145 511 1206; x_wconf 88' lang='lat' dir='ltr'>ratione</span> <span class='ocrx_word' id='word_1_74' title='bbox 533 1147 594 1206; x_wconf 93' lang='lat' dir='ltr'>iuri</span> <span class='ocrx_word' id='word_1_75' title='bbox 619 1145 812 1208; x_wconf 89' lang='lat' dir='ltr'>hereditario</span> <span class='ocrx_word' id='word_1_76' title='bbox 835 1144 922 1207; x_wconf 88' lang='lat' dir='ltr'>civili</span> <span class='ocrx_word' id='word_1_77' title='bbox 944 1144 1135 1224; x_wconf 79' lang='lat' dir='ltr'>aequiparata</span> <span class='ocrx_word' id='word_1_78' title='bbox 1157 1147 1216 1203; x_wconf 90' lang='lat' dir='ltr'>est.</span> 
     </span>
    </p>

    <p class='ocr_par' dir='ltr' id='par_1_4' title="bbox 134 1241 1343 1528">
     <span class='ocr_line' id='line_1_10' title="bbox 182 1241 1341 1327; baseline -0.004 -22"><span class='ocrx_word' id='word_1_79' title='bbox 182 1243 331 1306; x_wconf 83' lang='lat' dir='ltr'>Defertur</span> <span class='ocrx_word' id='word_1_80' title='bbox 358 1247 457 1327; x_wconf 82' lang='lat' dir='ltr'>Igitur</span> <span class='ocrx_word' id='word_1_81' title='bbox 485 1245 645 1326; x_wconf 85' lang='lat' dir='ltr'>hodieque</span> <span class='ocrx_word' id='word_1_82' title='bbox 675 1246 836 1309; x_wconf 81' lang='lat' dir='ltr'>heredites</span> <span class='ocrx_word' id='word_1_83' title='bbox 860 1244 913 1308; x_wconf 86' lang='lat' dir='ltr'>vel</span> <span class='ocrx_word' id='word_1_84' title='bbox 943 1263 983 1306; x_wconf 85' lang='lat' dir='ltr'>ex</span> <span class='ocrx_word' id='word_1_85' title='bbox 1005 1247 1190 1306; x_wconf 88' lang='lat' dir='ltr'>testamento</span> <span class='ocrx_word' id='word_1_86' title='bbox 1221 1241 1274 1302; x_wconf 91' lang='lat' dir='ltr'>vel</span> <span class='ocrx_word' id='word_1_87' title='bbox 1302 1257 1341 1302; x_wconf 91' lang='lat' dir='ltr'>ox</span> 
     </span>
     <span class='ocr_line' id='line_1_11' title="bbox 134 1342 1343 1429; baseline -0.002 -23"><span class='ocrx_word' id='word_1_88' title='bbox 134 1345 234 1428; x_wconf 82' lang='lat' dir='ltr'>lege:</span> <span class='ocrx_word' id='word_1_89' title='bbox 264 1351 296 1408; x_wconf 88' lang='lat' dir='ltr'>et</span> <span class='ocrx_word' id='word_1_90' title='bbox 317 1346 511 1410; x_wconf 84' lang='lat' dir='ltr'><strong>commodius</strong></span> <span class='ocrx_word' id='word_1_91' title='bbox 533 1349 667 1428; x_wconf 91' lang='lat' dir='ltr'>primum</span> <span class='ocrx_word' id='word_1_92' title='bbox 697 1347 736 1410; x_wconf 91' lang='lat' dir='ltr'>de</span> <span class='ocrx_word' id='word_1_93' title='bbox 761 1348 910 1429; x_wconf 85' lang='lat' dir='ltr'>legitimis</span> <span class='ocrx_word' id='word_1_94' title='bbox 934 1344 1106 1408; x_wconf 89' lang='lat' dir='ltr'>heredibus</span> <span class='ocrx_word' id='word_1_95' title='bbox 1132 1345 1153 1405; x_wconf 93' lang='lat' dir='ltr'>i.</span> <span class='ocrx_word' id='word_1_96' title='bbox 1177 1361 1205 1403; x_wconf 90' lang='lat' dir='ltr'>e.</span> <span class='ocrx_word' id='word_1_97' title='bbox 1229 1342 1269 1404; x_wconf 91' lang='lat' dir='ltr'>de</span> <span class='ocrx_word' id='word_1_98' title='bbox 1292 1343 1343 1418; x_wconf 82' lang='lat' dir='ltr'><strong>iis,</strong></span> 
     </span>
     <span class='ocr_line' id='line_1_12' title="bbox 135 1446 873 1528; baseline 0.003 -21"><span class='ocrx_word' id='word_1_99' title='bbox 135 1447 193 1527; x_wconf 79' lang='lat' dir='ltr'>qni</span> <span class='ocrx_word' id='word_1_100' title='bbox 215 1446 254 1508; x_wconf 86' lang='lat' dir='ltr'>ah</span> <span class='ocrx_word' id='word_1_101' title='bbox 275 1447 425 1510; x_wconf 85' lang='lat' dir='ltr'>intestato</span> <span class='ocrx_word' id='word_1_102' title='bbox 449 1447 635 1525; x_wconf 83' lang='lat' dir='ltr'>succedunt,</span> <span class='ocrx_word' id='word_1_103' title='bbox 660 1448 873 1528; x_wconf 81' lang='lat' dir='ltr'>dispiciamus.</span> 
     </span>
    </p>
   </div>
   <div class='ocr_carea' id='block_1_3' title="bbox 611 1644 857 1654">
    <p class='ocr_par' dir='ltr' id='par_1_5' title="bbox 611 1644 857 1654">
     <span class='ocr_line' id='line_1_13' title="bbox 611 1644 857 1654; baseline 0.004 -2"><span class='ocrx_word' id='word_1_104' title='bbox 611 1644 857 1654; x_wconf 55' lang='grc' dir='ltr'><strong><em>Μ</em></strong></span> 
     </span>
    </p>
   </div>
   <div class='ocr_carea' id='block_1_4' title="bbox 678 1807 801 1870">
    <p class='ocr_par' dir='ltr' id='par_1_6' title="bbox 678 1807 801 1870">
     <span class='ocr_line' id='line_1_14' title="bbox 678 1807 801 1870; baseline -0.016 0"><span class='ocrx_word' id='word_1_105' title='bbox 678 1807 744 1870; x_wconf 81' lang='lat' dir='ltr'>tit.</span> <span class='ocrx_word' id='word_1_106' title='bbox 766 1807 801 1868; x_wconf 94' lang='lat' dir='ltr'>II.</span> 
     </span>
    </p>
   </div>
   <div class='ocr_carea' id='block_1_5' title="bbox 274 1983 1208 2155">
    <p class='ocr_par' dir='ltr' id='par_1_7' title="bbox 274 1983 1208 2155">
     <span class='ocr_line' id='line_1_15' title="bbox 274 1983 1208 2080; baseline 0 -28"><span class='ocrx_word' id='word_1_107' title='bbox 274 1987 336 2052; x_wconf 85' lang='lat' dir='ltr'>on</span> <span class='ocrx_word' id='word_1_108' title='bbox 355 1983 718 2056; x_wconf 67' lang='lat' dir='ltr'>rememoremus</span> <span class='ocrx_word' id='word_1_109' title='bbox 741 1987 849 2068; x_wconf 77' lang='lat' dir='ltr'>oum</span> <span class='ocrx_word' id='word_1_110' title='bbox 870 1987 930 2053; x_wconf 81' lang='lat' dir='ltr'>ne</span> <span class='ocrx_word' id='word_1_111' title='bbox 954 1985 1208 2080; x_wconf 69' lang='lat' dir='ltr'><strong>missusne</strong></span> 
     </span>
     <span class='ocr_line' id='line_1_16' title="bbox 578 2087 888 2155; baseline 0 -1"><span class='ocrx_word' id='word_1_112' title='bbox 578 2087 888 2155; x_wconf 49' lang='lat' dir='ltr'>onsuununnun.</span> 
     </span>
    </p>
   </div>
   <div class='ocr_carea' id='block_1_6' title="bbox 137 2271 1342 2342">
    <p class='ocr_par' dir='ltr' id='par_1_8' title="bbox 137 2271 1342 2342">
     <span class='ocr_line' id='line_1_17' title="bbox 137 2271 1342 2342; baseline -0.003 -12"><span class='ocrx_word' id='word_1_113' title='bbox 137 2279 244 2332; x_wconf 73' lang='lat' dir='ltr'>&#39;HM</span> <span class='ocrx_word' id='word_1_114' title='bbox 262 2277 311 2330; x_wconf 79' lang='lat' dir='ltr'>DE</span> <span class='ocrx_word' id='word_1_115' title='bbox 322 2279 567 2333; x_wconf 67' lang='lat' dir='ltr'><strong>successionis</strong></span> <span class='ocrx_word' id='word_1_116' title='bbox 585 2279 632 2331; x_wconf 80' lang='lat' dir='ltr'>AB</span> <span class='ocrx_word' id='word_1_117' title='bbox 650 2277 855 2332; x_wconf 78' lang='lat' dir='ltr'>INTESTATO</span> <span class='ocrx_word' id='word_1_118' title='bbox 868 2279 918 2330; x_wconf 76' lang='lat' dir='ltr'>EX</span> <span class='ocrx_word' id='word_1_119' title='bbox 936 2277 1069 2330; x_wconf 82' lang='lat' dir='ltr'>VETERI</span> <span class='ocrx_word' id='word_1_120' title='bbox 1085 2275 1172 2328; x_wconf 82' lang='lat' dir='ltr'>IURE</span> <span class='ocrx_word' id='word_1_121' title='bbox 1191 2271 1342 2342; x_wconf 75' lang='lat' dir='ltr'><strong>ow1L12).</strong></span> 
     </span>
    </p>
   </div>
   <div class='ocr_carea' id='block_1_7' title="bbox 182 2407 1343 2494">
    <p class='ocr_par' dir='ltr' id='par_1_9' title="bbox 182 2407 1343 2494">
     <span class='ocr_line' id='line_1_18' title="bbox 182 2407 1343 2494; baseline -0.005 -20"><span class='ocrx_word' id='word_1_122' title='bbox 182 2411 301 2494; x_wconf 56' lang='lat'><strong>§.493</strong></span> <span class='ocrx_word' id='word_1_123' title='bbox 346 2411 568 2474; x_wconf 89' lang='lat' dir='ltr'>Intestatorum</span> <span class='ocrx_word' id='word_1_124' title='bbox 593 2413 804 2494; x_wconf 84' lang='lat' dir='ltr'>ingenuorum</span> <span class='ocrx_word' id='word_1_125' title='bbox 828 2409 1022 2472; x_wconf 83' lang='lat' dir='ltr'>hereditates</span> <span class='ocrx_word' id='word_1_126' title='bbox 1051 2427 1091 2471; x_wconf 86' lang='lat' dir='ltr'>ex</span> <span class='ocrx_word' id='word_1_127' title='bbox 1116 2409 1256 2491; x_wconf 82' lang='lat' dir='ltr'>legemr</span> <span class='ocrx_word' id='word_1_128' title='bbox 1280 2407 1343 2468; x_wconf 85' lang='lat' dir='ltr'>&#39;Ia-</span> 
     </span>
    </p>
   </div>
   <div class='ocr_carea' id='block_1_8' title="bbox 138 2508 1344 3102">
    <p class='ocr_par' dir='ltr' id='par_1_10' title="bbox 138 2508 1344 3102">
     <span class='ocr_line' id='line_1_19' title="bbox 139 2508 1343 2594; baseline -0.005 -20"><span class='ocrx_word' id='word_1_129' title='bbox 139 2511 285 2574; x_wconf 90' lang='lat' dir='ltr'>hularum</span> <span class='ocrx_word' id='word_1_130' title='bbox 311 2512 445 2592; x_wconf 91' lang='lat' dir='ltr'>primum</span> <span class='ocrx_word' id='word_1_131' title='bbox 466 2514 626 2594; x_wconf 86' lang='lat' dir='ltr'>pertinent</span> <span class='ocrx_word' id='word_1_132' title='bbox 646 2513 684 2574; x_wconf 94' lang='lat' dir='ltr'>ad</span> <span class='ocrx_word' id='word_1_133' title='bbox 708 2529 782 2574; x_wconf 91' lang='lat' dir='ltr'><strong>suos</strong></span> <span class='ocrx_word' id='word_1_134' title='bbox 806 2511 953 2586; x_wconf 88' lang='lat' dir='ltr'>heredes,</span> <span class='ocrx_word' id='word_1_135' title='bbox 976 2511 996 2572; x_wconf 91' lang='lat' dir='ltr'>i.</span> <span class='ocrx_word' id='word_1_136' title='bbox 1022 2529 1049 2572; x_wconf 89' lang='lat' dir='ltr'>e.</span> <span class='ocrx_word' id='word_1_137' title='bbox 1076 2509 1114 2570; x_wconf 90' lang='lat' dir='ltr'>ad</span> <span class='ocrx_word' id='word_1_138' title='bbox 1136 2509 1265 2584; x_wconf 86' lang='lat' dir='ltr'>liberos,</span> <span class='ocrx_word' id='word_1_139' title='bbox 1289 2508 1343 2586; x_wconf 87' lang='lat' dir='ltr'>qui</span> 
     </span>
     <span class='ocr_line' id='line_1_20' title="bbox 139 2609 1344 2695; baseline -0.002 -23"><span class='ocrx_word' id='word_1_140' title='bbox 139 2616 244 2673; x_wconf 88' lang='lat' dir='ltr'>morte</span> <span class='ocrx_word' id='word_1_141' title='bbox 274 2611 414 2674; x_wconf 81' lang='lat' dir='ltr'>defuncti</span> <span class='ocrx_word' id='word_1_142' title='bbox 442 2615 474 2676; x_wconf 91' lang='lat' dir='ltr'>in</span> <span class='ocrx_word' id='word_1_143' title='bbox 505 2615 573 2676; x_wconf 90' lang='lat' dir='ltr'>eius</span> <span class='ocrx_word' id='word_1_144' title='bbox 603 2619 759 2695; x_wconf 82' lang='lat' dir='ltr'>potestate</span> <span class='ocrx_word' id='word_1_145' title='bbox 790 2618 822 2674; x_wconf 91' lang='lat' dir='ltr'>et</span> <span class='ocrx_word' id='word_1_146' title='bbox 845 2617 969 2674; x_wconf 89' lang='lat' dir='ltr'>eeteros</span> <span class='ocrx_word' id='word_1_147' title='bbox 998 2613 1051 2690; x_wconf 91' lang='lat' dir='ltr'>qui</span> <span class='ocrx_word' id='word_1_148' title='bbox 1079 2609 1251 2672; x_wconf 89' lang='lat' dir='ltr'>liberorum</span> <span class='ocrx_word' id='word_1_149' title='bbox 1273 2609 1344 2670; x_wconf 90' lang='lat' dir='ltr'>loco</span> 
     </span>
     <span class='ocr_line' id='line_1_21' title="bbox 143 2711 1342 2795; baseline -0.002 -21"><span class='ocrx_word' id='word_1_150' title='bbox 143 2717 245 2774; x_wconf 86' lang='lat' dir='ltr'>erant.</span> <span class='ocrx_word' id='word_1_151' title='bbox 291 2713 323 2776; x_wconf 89' lang='lat' dir='ltr'>Si</span> <span class='ocrx_word' id='word_1_152' title='bbox 347 2715 397 2776; x_wconf 90' lang='lat' dir='ltr'><strong>sui</strong></span> <span class='ocrx_word' id='word_1_153' title='bbox 419 2713 554 2776; x_wconf 88' lang='lat' dir='ltr'>heredes</span> <span class='ocrx_word' id='word_1_154' title='bbox 577 2733 641 2777; x_wconf 94' lang='lat' dir='ltr'>non</span> <span class='ocrx_word' id='word_1_155' title='bbox 658 2721 747 2792; x_wconf 86' lang='lat' dir='ltr'>sunt,</span> <span class='ocrx_word' id='word_1_156' title='bbox 771 2714 809 2776; x_wconf 86' lang='lat' dir='ltr'>ad</span> <span class='ocrx_word' id='word_1_157' title='bbox 833 2716 1097 2795; x_wconf 87' lang='lat' dir='ltr'>consanguineos,</span> <span class='ocrx_word' id='word_1_158' title='bbox 1121 2714 1141 2772; x_wconf 94' lang='lat' dir='ltr'>i.</span> <span class='ocrx_word' id='word_1_159' title='bbox 1165 2730 1193 2772; x_wconf 92' lang='lat' dir='ltr'>e.</span> <span class='ocrx_word' id='word_1_160' title='bbox 1216 2711 1342 2786; x_wconf 74' lang='lat' dir='ltr'>fratrae,</span> 
     </span>
     <span class='ocr_line' id='line_1_22' title="bbox 139 2813 1342 2898; baseline 0.004 -24"><span class='ocrx_word' id='word_1_161' title='bbox 139 2829 270 2874; x_wconf 89' lang='lat' dir='ltr'><strong>sorores</strong></span> <span class='ocrx_word' id='word_1_162' title='bbox 293 2832 333 2876; x_wconf 83' lang='lat' dir='ltr'>ex</span> <span class='ocrx_word' id='word_1_163' title='bbox 356 2813 466 2876; x_wconf 91' lang='lat' dir='ltr'>eodem</span> <span class='ocrx_word' id='word_1_164' title='bbox 490 2817 740 2898; x_wconf 62' lang='lat' dir='ltr'>paetendens,</span> <span class='ocrx_word' id='word_1_165' title='bbox 769 2817 797 2876; x_wconf 91' lang='lat' dir='ltr'>si</span> <span class='ocrx_word' id='word_1_166' title='bbox 819 2833 878 2878; x_wconf 91' lang='lat' dir='ltr'>neo</span> <span class='ocrx_word' id='word_1_167' title='bbox 901 2815 932 2876; x_wconf 90' lang='lat' dir='ltr'>hi</span> <span class='ocrx_word' id='word_1_168' title='bbox 955 2817 1039 2890; x_wconf 90' lang='lat' dir='ltr'>sunt,</span> <span class='ocrx_word' id='word_1_169' title='bbox 1062 2813 1102 2875; x_wconf 90' lang='lat' dir='ltr'>ad</span> <span class='ocrx_word' id='word_1_170' title='bbox 1125 2813 1266 2892; x_wconf 87' lang='lat' dir='ltr'>reliquos</span> <span class='ocrx_word' id='word_1_171' title='bbox 1280 2835 1342 2898; x_wconf 83' lang='lat' dir='ltr'>ag-</span> 
     </span>
     <span class='ocr_line' id='line_1_23' title="bbox 138 2915 1341 3006; baseline 0.003 -32"><span class='ocrx_word' id='word_1_172' title='bbox 138 2918 230 2975; x_wconf 88' lang='lat' dir='ltr'>natos</span> <span class='ocrx_word' id='word_1_173' title='bbox 255 2915 428 2994; x_wconf 87' lang='lat' dir='ltr'><strong>proximos,</strong></span> <span class='ocrx_word' id='word_1_174' title='bbox 451 2919 472 2978; x_wconf 90' lang='lat' dir='ltr'>i.</span> <span class='ocrx_word' id='word_1_175' title='bbox 496 2935 524 2979; x_wconf 90' lang='lat' dir='ltr'>e.</span> <span class='ocrx_word' id='word_1_176' title='bbox 549 2918 735 2980; x_wconf 83' lang='lat' dir='ltr'>coniunctos</span> <span class='ocrx_word' id='word_1_177' title='bbox 757 2917 858 2980; x_wconf 86' lang='lat' dir='ltr'>virilis</span> <span class='ocrx_word' id='word_1_178' title='bbox 881 2934 977 2980; x_wconf 86' lang='lat' dir='ltr'><strong>sexus</strong></span> <span class='ocrx_word' id='word_1_179' title='bbox 1001 2935 1058 2998; x_wconf 88' lang='lat' dir='ltr'>per</span> <span class='ocrx_word' id='word_1_180' title='bbox 1078 2935 1180 3006; x_wconf 86' lang='lat' dir='ltr'>mares</span> <span class='ocrx_word' id='word_1_181' title='bbox 1203 2916 1341 2979; x_wconf 86' lang='lat' dir='ltr'>deseen-</span> 
     </span>
     <span class='ocr_line' id='line_1_24' title="bbox 139 2998 1341 3102; baseline 0.005 -28"><span class='ocrx_word' id='word_1_182' title='bbox 139 3011 253 3076; x_wconf 90' lang='lat' dir='ltr'>dentes</span> <span class='ocrx_word' id='word_1_183' title='bbox 277 3015 419 3079; x_wconf 89' lang='lat' dir='ltr'>eiusdem</span> <span class='ocrx_word' id='word_1_184' title='bbox 441 3015 576 3080; x_wconf 84' lang='lat' dir='ltr'>fe&#39;miliae.</span> <span class='ocrx_word' id='word_1_185' title='bbox 620 3017 655 3080; x_wconf 92' lang='lat' dir='ltr'>ld</span> <span class='ocrx_word' id='word_1_186' title='bbox 678 3020 758 3080; x_wconf 92' lang='lat' dir='ltr'>enim</span> <span class='ocrx_word' id='word_1_187' title='bbox 782 3024 905 3082; x_wconf 86' lang='lat' dir='ltr'>cautum</span> <span class='ocrx_word' id='word_1_188' title='bbox 929 2998 978 3081; x_wconf 71' lang='lat' dir='ltr'>est</span> <span class='ocrx_word' id='word_1_189' title='bbox 996 3018 1071 3102; x_wconf 85' lang='lat' dir='ltr'>lege</span> <span class='ocrx_word' id='word_1_190' title='bbox 1092 3044 1133 3084; x_wconf 85' lang='lat' dir='ltr'>xn</span> <span class='ocrx_word' id='word_1_191' title='bbox 1155 3016 1341 3080; x_wconf 77' lang='lat' dir='ltr'>Tabularum</span> 
     </span>
    </p>
   </div>
   <div class='ocr_carea' id='block_1_9' title="bbox 139 3112 1341 3305">
    <p class='ocr_par' dir='ltr' id='par_1_11' title="bbox 139 3112 1341 3305">
     <span class='ocr_line' id='line_1_25' title="bbox 140 3112 1341 3200; baseline 0.007 -26"><span class='ocrx_word' id='word_1_192' title='bbox 140 3112 217 3174; x_wconf 85' lang='lat' dir='ltr'>hau:</span> <span class='ocrx_word' id='word_1_193' title='bbox 241 3114 269 3174; x_wconf 85' lang='lat' dir='ltr'>si</span> <span class='ocrx_word' id='word_1_194' title='bbox 289 3114 436 3176; x_wconf 80' lang='lat' dir='ltr'>intestato</span> <span class='ocrx_word' id='word_1_195' title='bbox 456 3117 596 3196; x_wconf 78' lang='lat' dir='ltr'>moritur,</span> <span class='ocrx_word' id='word_1_196' title='bbox 624 3118 673 3178; x_wconf 83' lang='lat' dir='ltr'>eoi</span> <span class='ocrx_word' id='word_1_197' title='bbox 693 3137 767 3180; x_wconf 84' lang='lat' dir='ltr'><strong>eoos</strong></span> <span class='ocrx_word' id='word_1_198' title='bbox 789 3119 959 3183; x_wconf 74' lang='lat' dir='ltr'>hereseon</span> <span class='ocrx_word' id='word_1_199' title='bbox 981 3121 1032 3194; x_wconf 82' lang='lat' dir='ltr'>etr,</span> <span class='ocrx_word' id='word_1_200' title='bbox 1053 3120 1206 3200; x_wconf 68' lang='lat' dir='ltr'>adunatus</span> <span class='ocrx_word' id='word_1_201' title='bbox 1227 3120 1341 3200; x_wconf 79' lang='lat' dir='ltr'><strong>prosi-</strong></span> 
     </span>
     <span class='ocr_line' id='line_1_26' title="bbox 139 3213 559 3305; baseline 0.012 -31"><span class='ocrx_word' id='word_1_202' title='bbox 139 3231 209 3274; x_wconf 85' lang='lat' dir='ltr'>mus</span> <span class='ocrx_word' id='word_1_203' title='bbox 229 3213 377 3293; x_wconf 78' lang='lat' dir='ltr'>familiam</span> <span class='ocrx_word' id='word_1_204' title='bbox 397 3215 507 3278; x_wconf 86' lang='lat' dir='ltr'>habeto</span> <span class='ocrx_word' id='word_1_205' title='bbox 519 3218 559 3305; x_wconf 76' lang='lat'>4).</span> 
     </span>
    </p>
   </div>
   <div class='ocr_carea' id='block_1_10' title="bbox 58 3314 1341 3411">
    <p class='ocr_par' dir='ltr' id='par_1_12' title="bbox 58 3314 1341 3411">
     <span class='ocr_line' id='line_1_27' title="bbox 58 3314 1341 3411; baseline 0.005 -33"><span class='ocrx_word' id='word_1_206' title='bbox 58 3338 65 3378; x_wconf 67' lang='lat' dir='ltr'>t</span> <span class='ocrx_word' id='word_1_207' title='bbox 181 3318 212 3395; x_wconf 67' lang='grc' dir='ltr'><strong>ξ.</strong></span> <span class='ocrx_word' id='word_1_208' title='bbox 227 3314 300 3381; x_wconf 89' lang='grc'><strong>494.</strong></span> <span class='ocrx_word' id='word_1_209' title='bbox 346 3317 378 3380; x_wconf 86' lang='lat' dir='ltr'>si</span> <span class='ocrx_word' id='word_1_210' title='bbox 401 3317 550 3382; x_wconf 85' lang='lat' dir='ltr'>defuneto</span> <span class='ocrx_word' id='word_1_211' title='bbox 574 3319 751 3411; x_wconf 88' lang='lat' dir='ltr'>eratfilius</span> <span class='ocrx_word' id='word_1_212' title='bbox 780 3326 811 3382; x_wconf 92' lang='lat' dir='ltr'>et</span> <span class='ocrx_word' id='word_1_213' title='bbox 839 3339 880 3382; x_wconf 85' lang='lat' dir='ltr'>ex</span> <span class='ocrx_word' id='word_1_214' title='bbox 908 3322 1007 3385; x_wconf 87' lang='lat' dir='ltr'>altero</span> <span class='ocrx_word' id='word_1_215' title='bbox 1037 3321 1101 3384; x_wconf 88' lang='lat' dir='ltr'>lilio</span> <span class='ocrx_word' id='word_1_216' title='bbox 1131 3327 1253 3385; x_wconf 87' lang='lat' dir='ltr'>mortuo</span> <span class='ocrx_word' id='word_1_217' title='bbox 1282 3323 1341 3385; x_wconf 89' lang='lat' dir='ltr'>iam</span> 
     </span>
    </p>
   </div>
   <div class='ocr_carea' id='block_1_11' title="bbox 135 3476 334 3490">
    <p class='ocr_par' dir='ltr' id='par_1_13' title="bbox 135 3476 334 3490">
     <span class='ocr_line' id='line_1_28' title="bbox 135 3476 334 3490; baseline 0.01 -5"><span class='ocrx_word' id='word_1_218' title='bbox 135 3476 334 3490; x_wconf 65' lang='lat'>—-—</span> 
     </span>
    </p>
   </div>
   <div class='ocr_carea' id='block_1_12' title="bbox 133 3557 1342 4556">
    <p class='ocr_par' dir='ltr' id='par_1_14' title="bbox 133 3557 1342 4118">
     <span class='ocr_line' id='line_1_29' title="bbox 178 3557 1339 3628; baseline 0.006 -16"><span class='ocrx_word' id='word_1_219' title='bbox 178 3557 207 3625; x_wconf 49' lang='lat'>1⁴)</span> <span class='ocrx_word' id='word_1_220' title='bbox 226 3560 295 3613; x_wconf 85' lang='lat' dir='ltr'>Inde</span> <span class='ocrx_word' id='word_1_221' title='bbox 311 3575 366 3613; x_wconf 88' lang='lat' dir='ltr'><strong>seo.</strong></span> <span class='ocrx_word' id='word_1_222' title='bbox 384 3561 447 3628; x_wconf 81' lang='lat' dir='ltr'>Ulp.</span> <span class='ocrx_word' id='word_1_223' title='bbox 466 3559 590 3616; x_wconf 78' lang='lat' dir='ltr'>XXVIII.</span> <span class='ocrx_word' id='word_1_224' title='bbox 613 3563 654 3616; x_wconf 87' lang='lat'>13.</span> <span class='ocrx_word' id='word_1_225' title='bbox 682 3565 714 3616; x_wconf 92' lang='grc' dir='ltr'>Β.</span> <span class='ocrx_word' id='word_1_226' title='bbox 735 3567 764 3616; x_wconf 89' lang='grc' dir='ltr'>Ρ.</span> <span class='ocrx_word' id='word_1_227' title='bbox 792 3571 838 3618; x_wconf 86' lang='lat' dir='ltr'>eut</span> <span class='ocrx_word' id='word_1_228' title='bbox 856 3583 916 3619; x_wconf 83' lang='lat' dir='ltr'>eum</span> <span class='ocrx_word' id='word_1_229' title='bbox 933 3583 964 3618; x_wconf 83' lang='lat' dir='ltr'>re</span> <span class='ocrx_word' id='word_1_230' title='bbox 990 3568 1070 3622; x_wconf 85' lang='lat' dir='ltr'>detur</span> <span class='ocrx_word' id='word_1_231' title='bbox 1094 3570 1339 3625; x_wconf 67' lang='lat' dir='ltr'>sutrinensem.</span> 
     </span>
     <span class='ocr_line' id='line_1_30' title="bbox 142 3629 1339 3706; baseline 0.006 -23"><span class='ocrx_word' id='word_1_232' title='bbox 142 3630 203 3684; x_wconf 76' lang='lat' dir='ltr'>Gai.</span> <span class='ocrx_word' id='word_1_233' title='bbox 221 3630 245 3684; x_wconf 88' lang='lat'>3.</span> <span class='ocrx_word' id='word_1_234' title='bbox 264 3630 288 3692; x_wconf 68' lang='lat'>§-</span> <span class='ocrx_word' id='word_1_235' title='bbox 307 3629 421 3685; x_wconf 81' lang='lat'><strong>35-37.</strong></span> <span class='ocrx_word' id='word_1_236' title='bbox 440 3639 466 3686; x_wconf 79' lang='lat' dir='ltr'>et</span> <span class='ocrx_word' id='word_1_237' title='bbox 485 3633 510 3686; x_wconf 86' lang='grc'>2.</span> <span class='ocrx_word' id='word_1_238' title='bbox 529 3635 551 3694; x_wconf 77' lang='lat'>§-</span> <span class='ocrx_word' id='word_1_239' title='bbox 572 3633 631 3688; x_wconf 83' lang='lat'>148.</span> <span class='ocrx_word' id='word_1_240' title='bbox 658 3637 721 3688; x_wconf 80' lang='lat' dir='ltr'>item</span> <span class='ocrx_word' id='word_1_241' title='bbox 739 3637 802 3706; x_wconf 90' lang='lat' dir='ltr'>Ulp.</span> <span class='ocrx_word' id='word_1_242' title='bbox 821 3639 919 3690; x_wconf 85' lang='lat' dir='ltr'>XXIII.</span> <span class='ocrx_word' id='word_1_243' title='bbox 928 3637 953 3690; x_wconf 88' lang='grc'><strong>6.</strong></span> <span class='ocrx_word' id='word_1_244' title='bbox 971 3640 1068 3692; x_wconf 83' lang='lat' dir='ltr'>XXVI.</span> <span class='ocrx_word' id='word_1_245' title='bbox 1083 3637 1108 3691; x_wconf 87' lang='grc'>8.</span> <span class='ocrx_word' id='word_1_246' title='bbox 1130 3643 1225 3695; x_wconf 62' lang='grc'><strong>(1812.</strong></span> <span class='ocrx_word' id='word_1_247' title='bbox 1245 3636 1339 3702; x_wconf 65' lang='lat'>§.148</span> 
     </span>
     <span class='ocr_line' id='line_1_31' title="bbox 134 3701 1341 3780; baseline 0.008 -26"><span class='ocrx_word' id='word_1_248' title='bbox 134 3705 167 3754; x_wconf 86' lang='lat' dir='ltr'>l&#39;r.</span> <span class='ocrx_word' id='word_1_249' title='bbox 188 3701 235 3780; x_wconf 68' lang='lat'>12¹·</span> <span class='ocrx_word' id='word_1_250' title='bbox 250 3720 289 3769; x_wconf 86' lang='lat' dir='ltr'>pr.</span> <span class='ocrx_word' id='word_1_251' title='bbox 308 3705 341 3754; x_wconf 89' lang='lat' dir='ltr'>D.</span> <span class='ocrx_word' id='word_1_252' title='bbox 358 3703 402 3768; x_wconf 87' lang='grc'><strong>28,</strong></span> <span class='ocrx_word' id='word_1_253' title='bbox 422 3703 439 3756; x_wconf 90' lang='grc'>3</span> <span class='ocrx_word' id='word_1_254' title='bbox 458 3703 507 3770; x_wconf 88' lang='lat' dir='ltr'>(de</span> <span class='ocrx_word' id='word_1_255' title='bbox 525 3708 622 3759; x_wconf 86' lang='lat' dir='ltr'>iniusto</span> <span class='ocrx_word' id='word_1_256' title='bbox 647 3707 748 3774; x_wconf 87' lang='lat' dir='ltr'>rupto).</span> <span class='ocrx_word' id='word_1_257' title='bbox 774 3713 805 3761; x_wconf 83' lang='lat' dir='ltr'>ir.</span> <span class='ocrx_word' id='word_1_258' title='bbox 823 3710 848 3764; x_wconf 93' lang='grc'>2.</span> <span class='ocrx_word' id='word_1_259' title='bbox 867 3713 901 3762; x_wconf 90' lang='lat' dir='ltr'>D.</span> <span class='ocrx_word' id='word_1_260' title='bbox 916 3709 960 3773; x_wconf 85' lang='lat'>38,</span> <span class='ocrx_word' id='word_1_261' title='bbox 977 3710 993 3762; x_wconf 87' lang='lat'>6</span> <span class='ocrx_word' id='word_1_262' title='bbox 1018 3710 1052 3776; x_wconf 86' lang='lat' dir='ltr'><strong>(sl</strong></span> <span class='ocrx_word' id='word_1_263' title='bbox 1070 3715 1169 3765; x_wconf 83' lang='lat' dir='ltr'>tabule</span> <span class='ocrx_word' id='word_1_264' title='bbox 1185 3713 1341 3766; x_wconf 63' lang='lat' dir='ltr'>{testamenti</span> 
     </span>
     <span class='ocr_line' id='line_1_32' title="bbox 133 3771 1342 3852; baseline 0.009 -26"><span class='ocrx_word' id='word_1_265' title='bbox 133 3775 217 3826; x_wconf 74' lang='lat' dir='ltr'>nulle</span> <span class='ocrx_word' id='word_1_266' title='bbox 232 3771 358 3838; x_wconf 69' lang='lat' dir='ltr'>exstet).</span> <span class='ocrx_word' id='word_1_267' title='bbox 377 3771 462 3828; x_wconf 59' lang='grc'><strong>1125.</strong></span> <span class='ocrx_word' id='word_1_268' title='bbox 482 3778 512 3830; x_wconf 81' lang='grc'><strong>0.</strong></span> <span class='ocrx_word' id='word_1_269' title='bbox 523 3775 551 3840; x_wconf 82' lang='grc'>3,</span> <span class='ocrx_word' id='word_1_270' title='bbox 565 3777 600 3830; x_wconf 86' lang='grc'><strong>28</strong></span> <span class='ocrx_word' id='word_1_271' title='bbox 621 3776 668 3844; x_wconf 82' lang='lat' dir='ltr'>(de</span> <span class='ocrx_word' id='word_1_272' title='bbox 685 3781 758 3832; x_wconf 79' lang='lat' dir='ltr'><strong>inoff.</strong></span> <span class='ocrx_word' id='word_1_273' title='bbox 775 3780 899 3846; x_wconf 79' lang='lat' dir='ltr'>testem).</span> <span class='ocrx_word' id='word_1_274' title='bbox 938 3781 1092 3835; x_wconf 75' lang='lat' dir='ltr'>Secundum</span> <span class='ocrx_word' id='word_1_275' title='bbox 1101 3785 1243 3852; x_wconf 79' lang='lat' dir='ltr'>Huyoreem</span> <span class='ocrx_word' id='word_1_276' title='bbox 1263 3785 1342 3837; x_wconf 81' lang='lat' dir='ltr'><strong>alios·</strong></span> 
     </span>
     <span class='ocr_line' id='line_1_33' title="bbox 135 3846 1340 3923; baseline 0.011 -28"><span class='ocrx_word' id='word_1_277' title='bbox 135 3859 191 3916; x_wconf 85' lang='lat' dir='ltr'>que</span> <span class='ocrx_word' id='word_1_278' title='bbox 210 3846 275 3898; x_wconf 84' lang='lat' dir='ltr'>iurle</span> <span class='ocrx_word' id='word_1_279' title='bbox 291 3847 448 3914; x_wconf 78' lang='lat' dir='ltr'>interpretes</span> <span class='ocrx_word' id='word_1_280' title='bbox 459 3863 562 3918; x_wconf 84' lang='lat' dir='ltr'>semper</span> <span class='ocrx_word' id='word_1_281' title='bbox 579 3853 775 3916; x_wconf 76' lang='lat' dir='ltr'>preferebatur,</span> <span class='ocrx_word' id='word_1_282' title='bbox 792 3855 835 3922; x_wconf 90' lang='lat' dir='ltr'>qui</span> <span class='ocrx_word' id='word_1_283' title='bbox 846 3855 874 3906; x_wconf 87' lang='lat' dir='ltr'>in</span> <span class='ocrx_word' id='word_1_284' title='bbox 892 3857 1055 3906; x_wconf 79' lang='lat' dir='ltr'><strong>suecessorio</strong></span> <span class='ocrx_word' id='word_1_285' title='bbox 1074 3857 1162 3908; x_wconf 87' lang='lat' dir='ltr'>edioto</span> <span class='ocrx_word' id='word_1_286' title='bbox 1177 3857 1258 3923; x_wconf 88' lang='lat' dir='ltr'>priorl</span> <span class='ocrx_word' id='word_1_287' title='bbox 1278 3857 1340 3908; x_wconf 88' lang='lat' dir='ltr'>looo</span> 
     </span>
     <span class='ocr_line' id='line_1_34' title="bbox 134 3917 1341 4006; baseline 0.011 -39"><span class='ocrx_word' id='word_1_288' title='bbox 134 3917 241 3985; x_wconf 79' lang='lat' dir='ltr'><strong>positus</strong></span> <span class='ocrx_word' id='word_1_289' title='bbox 259 3922 324 3970; x_wconf 82' lang='lat' dir='ltr'>eret.</span> <span class='ocrx_word' id='word_1_290' title='bbox 343 3919 396 3971; x_wconf 83' lang='lat' dir='ltr'>Gir.</span> <span class='ocrx_word' id='word_1_291' title='bbox 422 3921 453 3972; x_wconf 77' lang='grc'><strong>0.</strong></span> <span class='ocrx_word' id='word_1_292' title='bbox 475 3923 506 3972; x_wconf 88' lang='lat'>0.</span> <span class='ocrx_word' id='word_1_293' title='bbox 527 3919 646 4006; x_wconf 45' lang='lat' dir='ltr'>titillor,</span> <span class='ocrx_word' id='word_1_294' title='bbox 666 3923 811 3976; x_wconf 78' lang='lat' dir='ltr'>Lehrtuett</span> <span class='ocrx_word' id='word_1_295' title='bbox 828 3927 877 3978; x_wconf 81' lang='lat' dir='ltr'>der</span> <span class='ocrx_word' id='word_1_296' title='bbox 898 3922 1107 3979; x_wconf 70' lang='lat' dir='ltr'>Institutionum·</span> <span class='ocrx_word' id='word_1_297' title='bbox 1133 3924 1341 3996; x_wconf 69' lang='lat' dir='ltr'>Lee&#39;psa&#39;91858.</span> 
     </span>
     <span class='ocr_line' id='line_1_35' title="bbox 134 3983 1339 4118; baseline 0.008 -79"><span class='ocrx_word' id='word_1_298' title='bbox 134 4005 163 4054; x_wconf 91' lang='lat' dir='ltr'>p.</span> <span class='ocrx_word' id='word_1_299' title='bbox 184 3983 246 4118; x_wconf 48' lang='lat' dir='ltr'>{lt}</span> <span class='ocrx_word' id='word_1_300' title='bbox 271 3988 444 4112; x_wconf 51' lang='lat' dir='ltr'>39{equinum</span> <span class='ocrx_word' id='word_1_301' title='bbox 469 3991 498 4042; x_wconf 84' lang='lat' dir='ltr'>in</span> <span class='ocrx_word' id='word_1_302' title='bbox 522 3991 563 4044; x_wconf 87' lang='lat' dir='ltr'>hn</span> <span class='ocrx_word' id='word_1_303' title='bbox 585 3995 742 4046; x_wconf 82' lang='lat' dir='ltr'>sententium</span> <span class='ocrx_word' id='word_1_304' title='bbox 761 4009 841 4064; x_wconf 85' lang='lat' dir='ltr'>quem</span> <span class='ocrx_word' id='word_1_305' title='bbox 864 3995 984 4048; x_wconf 84' lang='lat' dir='ltr'>defendit</span> <span class='ocrx_word' id='word_1_306' title='bbox 1003 4013 1055 4050; x_wconf 84' lang='lat' dir='ltr'>eon</span> <span class='ocrx_word' id='word_1_307' title='bbox 1077 3997 1233 4066; x_wconf 75' lang='lat' dir='ltr'>Vonpermr,</span> <span class='ocrx_word' id='word_1_308' title='bbox 1255 3999 1339 4051; x_wconf 82' lang='lat' dir='ltr'>Lehr·</span> 
     </span>
    </p>

    <p class='ocr_par' dir='ltr' id='par_1_15' title="bbox 136 4126 1338 4270">
     <span class='ocr_line' id='line_1_36' title="bbox 173 4126 1338 4208; baseline 0.008 -25"><span class='ocrx_word' id='word_1_309' title='bbox 173 4126 203 4194; x_wconf 77' lang='lat' dir='ltr'>a)</span> <span class='ocrx_word' id='word_1_310' title='bbox 222 4128 285 4195; x_wconf 82' lang='lat' dir='ltr'>ulp.</span> <span class='ocrx_word' id='word_1_311' title='bbox 304 4133 336 4182; x_wconf 81' lang='lat' dir='ltr'>n.</span> <span class='ocrx_word' id='word_1_312' title='bbox 355 4132 393 4184; x_wconf 80' lang='lat' dir='ltr'>ut.</span> <span class='ocrx_word' id='word_1_313' title='bbox 414 4131 457 4186; x_wconf 81' lang='lat'>26.</span> <span class='ocrx_word' id='word_1_314' title='bbox 478 4134 537 4186; x_wconf 74' lang='lat' dir='ltr'>eat.</span> <span class='ocrx_word' id='word_1_315' title='bbox 557 4132 583 4186; x_wconf 86' lang='lat'>3.</span> <span class='ocrx_word' id='word_1_316' title='bbox 603 4133 735 4196; x_wconf 72' lang='lat'>§.1-24.</span> <span class='ocrx_word' id='word_1_317' title='bbox 755 4135 960 4201; x_wconf 79' lang='lat' dir='ltr'>Insr.3,1-4.</span> <span class='ocrx_word' id='word_1_318' title='bbox 989 4127 1105 4194; x_wconf 73' lang='lat' dir='ltr'>conaus</span> <span class='ocrx_word' id='word_1_319' title='bbox 1122 4141 1175 4208; x_wconf 61' lang='lat' dir='ltr'>reg.</span> <span class='ocrx_word' id='word_1_320' title='bbox 1194 4141 1338 4207; x_wconf 64' lang='lat' dir='ltr'>morerer.</span> 
     </span>
     <span class='ocr_line' id='line_1_37' title="bbox 136 4201 1238 4270; baseline 0.007 -16"><span class='ocrx_word' id='word_1_321' title='bbox 136 4206 164 4254; x_wconf 87' lang='lat' dir='ltr'>et</span> <span class='ocrx_word' id='word_1_322' title='bbox 185 4201 328 4253; x_wconf 84' lang='lat' dir='ltr'>Romener.</span> <span class='ocrx_word' id='word_1_323' title='bbox 347 4203 386 4254; x_wconf 86' lang='lat' dir='ltr'>tit.</span> <span class='ocrx_word' id='word_1_324' title='bbox 407 4201 449 4256; x_wconf 88' lang='lat'>16.</span> <span class='ocrx_word' id='word_1_325' title='bbox 467 4205 501 4256; x_wconf 91' lang='lat' dir='ltr'>D.</span> <span class='ocrx_word' id='word_1_326' title='bbox 520 4204 563 4258; x_wconf 78' lang='lat'>38.</span> <span class='ocrx_word' id='word_1_327' title='bbox 584 4201 697 4258; x_wconf 76' lang='lat'><strong>16-17.</strong></span> <span class='ocrx_word' id='word_1_328' title='bbox 716 4207 783 4259; x_wconf 82' lang='lat' dir='ltr'>cod.</span> <span class='ocrx_word' id='word_1_329' title='bbox 802 4206 828 4270; x_wconf 88' lang='grc'>6,</span> <span class='ocrx_word' id='word_1_330' title='bbox 846 4205 960 4262; x_wconf 78' lang='grc'><strong>55-58.</strong></span> <span class='ocrx_word' id='word_1_331' title='bbox 989 4212 1019 4264; x_wconf 73' lang='grc'><strong>(1.</strong></span> <span class='ocrx_word' id='word_1_332' title='bbox 1038 4212 1141 4264; x_wconf 81' lang='lat' dir='ltr'>Theod.</span> <span class='ocrx_word' id='word_1_333' title='bbox 1162 4213 1194 4263; x_wconf 84' lang='lat' dir='ltr'>V.</span> <span class='ocrx_word' id='word_1_334' title='bbox 1215 4211 1238 4264; x_wconf 94' lang='lat'>1.</span> 
     </span>
    </p>

    <p class='ocr_par' dir='ltr' id='par_1_16' title="bbox 134 4269 1340 4480">
     <span class='ocr_line' id='line_1_38' title="bbox 173 4269 1340 4350; baseline 0.009 -27"><span class='ocrx_word' id='word_1_335' title='bbox 173 4269 202 4337; x_wconf 81' lang='lat'>3)</span> <span class='ocrx_word' id='word_1_336' title='bbox 221 4273 294 4326; x_wconf 77' lang='lat' dir='ltr'>Sene</span> <span class='ocrx_word' id='word_1_337' title='bbox 310 4269 526 4342; x_wconf 76' lang='lat' dir='ltr'>eonsenguirreos</span> <span class='ocrx_word' id='word_1_338' title='bbox 544 4277 592 4330; x_wconf 76' lang='lat' dir='ltr'>lex</span> <span class='ocrx_word' id='word_1_339' title='bbox 606 4291 661 4330; x_wconf 84' lang='lat' dir='ltr'>non</span> <span class='ocrx_word' id='word_1_340' title='bbox 678 4280 910 4345; x_wconf 79' lang='lat' dir='ltr'>apprehenderet:</span> <span class='ocrx_word' id='word_1_341' title='bbox 938 4281 1154 4350; x_wconf 71' lang='lat' dir='ltr'>interpretatione</span> <span class='ocrx_word' id='word_1_342' title='bbox 1179 4283 1340 4350; x_wconf 82' lang='lat' dir='ltr'>prudentum</span> 
     </span>
     <span class='ocr_line' id='line_1_39' title="bbox 134 4343 1335 4424; baseline 0.011 -30"><span class='ocrx_word' id='word_1_343' title='bbox 134 4343 249 4409; x_wconf 87' lang='lat' dir='ltr'>primum</span> <span class='ocrx_word' id='word_1_344' title='bbox 268 4345 337 4398; x_wconf 86' lang='lat' dir='ltr'>inter</span> <span class='ocrx_word' id='word_1_345' title='bbox 355 4352 468 4414; x_wconf 72' lang='lat' dir='ltr'>agnatos</span> <span class='ocrx_word' id='word_1_346' title='bbox 485 4349 576 4400; x_wconf 83' lang='lat' dir='ltr'>losum</span> <span class='ocrx_word' id='word_1_347' title='bbox 595 4355 768 4420; x_wconf 77' lang='lat' dir='ltr'>aooeperunt:</span> <span class='ocrx_word' id='word_1_348' title='bbox 791 4353 870 4404; x_wconf 80' lang='lat' dir='ltr'>Paul.</span> <span class='ocrx_word' id='word_1_349' title='bbox 882 4351 1014 4407; x_wconf 71' lang='lat' dir='ltr'>nossent.</span> <span class='ocrx_word' id='word_1_350' title='bbox 1033 4353 1059 4408; x_wconf 88' lang='lat'>4.</span> <span class='ocrx_word' id='word_1_351' title='bbox 1071 4354 1095 4407; x_wconf 88' lang='lat'>8.</span> <span class='ocrx_word' id='word_1_352' title='bbox 1116 4355 1140 4416; x_wconf 67' lang='lat'>§-</span> <span class='ocrx_word' id='word_1_353' title='bbox 1151 4354 1194 4408; x_wconf 91' lang='grc'>22.</span> <span class='ocrx_word' id='word_1_354' title='bbox 1213 4355 1335 4424; x_wconf 84' lang='lat' dir='ltr'>Theoph.</span> 
     </span>
     <span class='ocr_line' id='line_1_40' title="bbox 135 4411 958 4480; baseline 0.011 -15"><span class='ocrx_word' id='word_1_355' title='bbox 135 4414 175 4465; x_wconf 77' lang='lat' dir='ltr'>ed</span> <span class='ocrx_word' id='word_1_356' title='bbox 191 4412 218 4474; x_wconf 62' lang='lat' dir='ltr'>§t</span> <span class='ocrx_word' id='word_1_357' title='bbox 236 4411 262 4470; x_wconf 82' lang='lat'>3·</span> <span class='ocrx_word' id='word_1_358' title='bbox 280 4417 302 4468; x_wconf 89' lang='lat'>1.</span> <span class='ocrx_word' id='word_1_359' title='bbox 320 4416 347 4480; x_wconf 80' lang='lat'>3,</span> <span class='ocrx_word' id='word_1_360' title='bbox 365 4419 389 4471; x_wconf 91' lang='grc'>2.</span> <span class='ocrx_word' id='word_1_361' title='bbox 411 4418 469 4471; x_wconf 77' lang='lat' dir='ltr'>uer.</span> <span class='ocrx_word' id='word_1_362' title='bbox 488 4417 514 4472; x_wconf 80' lang='grc'><strong>3.</strong></span> <span class='ocrx_word' id='word_1_363' title='bbox 532 4418 557 4478; x_wconf 65' lang='grc' dir='ltr'><strong>ἓ.</strong></span> <span class='ocrx_word' id='word_1_364' title='bbox 576 4417 618 4472; x_wconf 73' lang='grc'>23.</span> <span class='ocrx_word' id='word_1_365' title='bbox 638 4421 752 4475; x_wconf 80' lang='lat' dir='ltr'>Holts’ne</span> <span class='ocrx_word' id='word_1_366' title='bbox 770 4423 788 4472; x_wconf 93' lang='lat'>1.</span> <span class='ocrx_word' id='word_1_367' title='bbox 811 4439 834 4474; x_wconf 90' lang='lat' dir='ltr'>o.</span> <span class='ocrx_word' id='word_1_368' title='bbox 850 4439 877 4474; x_wconf 87' lang='lat' dir='ltr'>n.</span> <span class='ocrx_word' id='word_1_369' title='bbox 897 4421 958 4476; x_wconf 83' lang='lat'><strong>351.</strong></span> 
     </span>
    </p>

    <p class='ocr_par' dir='ltr' id='par_1_17' title="bbox 171 4480 1326 4556">
     <span class='ocr_line' id='line_1_41' title="bbox 171 4480 1326 4556; baseline 0.01 -20"><span class='ocrx_word' id='word_1_370' title='bbox 171 4480 202 4550; x_wconf 74' lang='lat'>4)</span> <span class='ocrx_word' id='word_1_371' title='bbox 220 4483 284 4553; x_wconf 91' lang='lat' dir='ltr'>Ulp.</span> <span class='ocrx_word' id='word_1_372' title='bbox 304 4486 347 4556; x_wconf 86' lang='grc'>26.</span> <span class='ocrx_word' id='word_1_373' title='bbox 365 4487 389 4549; x_wconf 69' lang='grc' dir='ltr'><strong>ξ.</strong></span> <span class='ocrx_word' id='word_1_374' title='bbox 410 4487 434 4542; x_wconf 91' lang='grc'><strong>1.</strong></span> <span class='ocrx_word' id='word_1_375' title='bbox 454 4489 514 4543; x_wconf 76' lang='lat' dir='ltr'>uer.</span> <span class='ocrx_word' id='word_1_376' title='bbox 534 4487 560 4543; x_wconf 79' lang='lat'>3.</span> <span class='ocrx_word' id='word_1_377' title='bbox 580 4490 604 4552; x_wconf 66' lang='lat'>§-</span> <span class='ocrx_word' id='word_1_378' title='bbox 623 4490 701 4546; x_wconf 87' lang='grc'><strong>1-6.</strong></span> <span class='ocrx_word' id='word_1_379' title='bbox 718 4493 796 4546; x_wconf 76' lang='lat' dir='ltr'>Peat.</span> <span class='ocrx_word' id='word_1_380' title='bbox 813 4495 841 4547; x_wconf 88' lang='lat' dir='ltr'>ln</span> <span class='ocrx_word' id='word_1_381' title='bbox 858 4493 1326 4554; x_wconf 74' lang='lat' dir='ltr'>cen.Mos.et-1tom.xv1.§.3.</span> 
     </span>
    </p>
   </div>
   <div class='ocr_carea' id='block_1_13' title="bbox 0 0 1554 4966">
    <p class='ocr_par' dir='ltr' id='par_1_18' title="bbox 0 0 1554 4966">
     <span class='ocr_line' id='line_1_42' title="bbox 0 0 1554 4966; baseline 0 0"><span class='ocrx_word' id='word_1_382' title='bbox 0 0 1554 4966; x_wconf 95' lang='lat' dir='ltr'> </span> 
     </span>
    </p>
   </div>
  </div>
 </body>
</html>
