3082 4976
647 379 838 418 turnonuorro.
1309 369 1344 424 29

141 512 404 585 antecessorem,
436 521 529 583 quem
561 491 592 565 i'n
623 505 693 584 ipso
717 504 777 566 boc
801 521 898 586 opere
924 505 1140 584 componendo
1161 506 1345 588 interfuisse

141 606 280 674 vidimus
305 605 350 690 (ξ.
365 604 434 692 82),
456 609 617 666 auctorem
642 603 759 665 habere
782 590 912 668 diciturss
964 604 1124 692 lulianus,
1155 607 1236 669 alius
1264 609 1343 672 iuris

141 705 256 768 doctor
278 703 657 786 constantinopolitanus,
681 703 885 768 Novellarum
908 705 1069 795 iustiniani
1091 710 1247 788 epitomen
1268 709 1345 771 loti-

140 824 213 868 nam
232 805 309 869 lecit
324 807 408 869 circa
425 824 539 868 annum
556 829 649 882 ccxc,
670 808 759 868 cuius
786 824 843 887 per
859 807 993 870 medium
1009 824 1109 869 evum
1125 810 1158 870 in
1174 809 1344 872 Occidente

141 908 274 970 maxima
299 913 367 970 erat
389 909 570 970 auctoritas.
798 972 800 976 ,

185 1007 328 1071 Fuerunt
351 1009 509 1090 denique,
542 1009 596 1088 qui
617 1007 738 1070 scholia
762 1027 865 1091 graeca
890 1011 922 1072 in
952 1010 1077 1092 singula
1101 1012 1243 1090 corporis
1266 1011 1344 1074 iuris

140 1109 213 1172 loca
236 1110 427 1186 scribebant,
449 1127 528 1172 eave
552 1129 660 1194 grece
678 1111 853 1173 reddebant
867 1111 904 1200 ¹).
1213 1193 1215 1197 Ι

185 1215 217 1292 §-
231 1213 282 1275 ei.
308 1211 373 1274 lta
399 1209 467 1272 lere
490 1229 543 1274 res
567 1229 670 1292 usque
693 1211 731 1274 ad
757 1218 897 1292 tempora
913 1210 1022 1274 Basilii
1040 1211 1221 1274 Macedonis
1243 1213 1345 1293 impe-

139 1313 273 1388 ratoris,
296 1311 415 1374 seculo
432 1330 515 1375 nono
531 1315 706 1395 regnantis,
728 1312 897 1389 duravere,
920 1314 985 1392 qui,
1009 1329 1089 1388 cum,
1115 1311 1224 1395 lingua
1250 1313 1345 1376 latina

141 1433 184 1476 ex
206 1432 268 1477 usu
279 1413 463 1494 recedente,
485 1411 701 1475 difficillimum
723 1413 782 1475 iam
808 1419 892 1474 esset
914 1411 1043 1474 latinum
1056 1413 1134 1476 iuris
1157 1431 1272 1493 corpus
1293 1414 1346 1475 in-

141 1513 317 1597 telligere,
353 1529 531 1596 graecaeque
554 1513 832 1592 interpretationes
857 1513 996 1592 ipsarum
1019 1512 1125 1594 legum
1149 1511 1221 1576 loco
1245 1514 1346 1576 babe-

142 1620 269 1690 rentur,
292 1614 508 1678 necessorium
532 1614 622 1676 duxit
643 1613 674 1674 id
690 1629 795 1695 graece
811 1613 918 1675 scribi,
944 1611 1093 1692 Componi
1107 1615 1238 1694 primum
1254 1615 1347 1678 iussit

143 1714 324 1795 perbreves
348 1713 566 1798 Institutiones
590 1727 729 1796 grecas,
751 1713 968 1793 reliquamque
994 1713 1109 1776 deinde
1132 1720 1227 1776 totam
1249 1714 1346 1798 lusti-

141 1816 231 1878 niani
254 1815 474 1878 collectionem
497 1817 529 1876 in
544 1831 681 1898 grecum
703 1831 880 1878 sermonem
894 1814 1050 1890 converti,
1072 1819 1103 1876 et
1127 1815 1159 1876 in
1173 1838 1219 1877 cx.
1236 1814 1347 1893 libros,

143 1917 324 1978 coniunctis
347 1915 554 1998 Digestorum
577 1914 766 1996 Codicisque
796 1913 895 1976 titulis
918 1919 949 1976 et
971 1913 1114 1976 Novellis
1137 1914 1220 1976 idem
1245 1933 1346 1999 argu-

140 2022 281 2080 mentum
304 2017 532 2096 spectantibus,
556 2019 658 2080 omnia
680 2017 852 2096 dispertiri.

185 2116 296 2179 'lotum
317 2134 397 2198 opus
418 2118 570 2196 βασιλικα
593 2119 704 2198 dodico
738 2114 919 2198 appellavit.
975 2115 1148 2198 Imperator
1170 2117 1235 2179 Leo
1265 2135 1346 2200 cog-

143 2222 274 2280 nomine
308 2217 539 2298 pbilosopbus‚
570 2217 678 2280 Basilii
705 2233 784 2299 opus
814 2214 1027 2282 emendatum
1045 2217 1144 2280 edidit
1168 2236 1249 2289 anno
1270 2241 1346 2288 cccc

142 2337 284 2392 narrum
303 2320 482 2399 >ipsiusque
502 2317 584 2380 iilius
598 2317 821 2402 Constantinus
837 2317 1116 2400 Porphyrogeneta
1139 2303 1216 2380 illud
1239 2317 1345 2380 denuo

141 2419 279 2481 sancivit
313 2437 395 2481 anno
424 2441 591 2486 cccccruv.
613 2419 819 2481 Basilicorum
842 2418 915 2480 libri
947 2419 979 2479 in
1001 2419 1222 2499 manuscriptis
1246 2416 1344 2480 Codi-

142 2519 234 2582 cibus
255 2521 372 2603 integri
394 2526 582 2600 supersunt3
609 2519 704 2582 bodie
726 2537 799 2598 pars
822 2519 953 2580 maxima
975 2535 1083 2583 eorum
1109 2519 1192 2580 edita
1215 2518 1310 2599 eset).
1392 2553 1396 2560 ·

187 2625 218 2703 ξ.
238 2622 289 2688 98.
334 2621 449 2683 Extant
477 2622 570 2683 etiam
604 2621 753 2700 synopsis
785 2637 843 2682 seu
874 2619 993 2701 Ecloga
1014 2617 1239 2693 Basilicorum;
1270 2619 1344 2680 item

144 2723 353 2786 collectiones
376 2721 578 2794 Novellarum
600 2720 714 2784 Leonis
738 2721 934 2800 aliorumque
948 2720 1127 2782 Grecorum
1150 2720 1326 2802 principum
1336 2741 1373 2782 rs

142 2822 284 2904 denique
306 2825 406 2887 breve
429 2825 508 2886 iuris
533 2825 652 2886 romani
676 2821 820 2886 manuale
842 2821 929 2911 quod
951 2821 1214 2904 Harmenopulum
1235 2821 1343 2885 seculi

142 2946 208 2986 mv.
233 2923 338 2988 lCtum
353 2921 469 2988 dicitur
483 2925 600 2988 babere
613 2930 790 2988 auctorem:
806 2941 868 3004 quo
881 2923 1038 3004 hodieque
1052 2923 1153 2986 Greci
1165 2929 1295 2986 utuntur
1302 2923 1343 3010 ³).

199 3113 269 3164 mu.
289 3113 325 3164 11.
363 3115 411 3165 nn
431 3111 534 3166 naurs
553 3077 648 3166 mers
667 3097 809 3164 nomam
827 3111 924 3164 anun
942 3112 1109 3166 nornuos
1128 3073 1282 3164 nuaorm

595 3200 857 3254 occmnnmnrs
871 3197 901 3267 ⁴).
1215 3193 1218 3198 '
1311 3201 1312 3204 ‘

188 3338 219 3416 §-
233 3334 283 3398 99.
328 3334 363 3396 ln
387 3333 475 3396 ltalia
497 3351 624 3413 quoque
647 3335 696 3396 ius
719 3354 735 3396 a
757 3334 942 3410 lustinionm
967 3331 1161 3397 devictorum
1187 3301 1344 3418 Ostrogo-

139 3433 275 3496 thorum
296 3453 397 3516 regno
421 3451 535 3496 everso
556 3434 765 3496 introductum
788 3432 894 3522 (annis
916 3431 1108 3522 narn—rw)
1131 3436 1345 3498 conservaba-

128 3537 336 3622 tumeliam,
359 3541 525 3615 postquam
549 3533 591 3619 (a.
617 3534 745 3620 ncrvnr)
768 3553 879 3617 magna
902 3533 999 3597 ltaliae
1019 3553 1091 3615 pars
1115 3555 1131 3597 a
1154 3535 1344 3618 Longober-
1451 3620 1452 3624 Ἰ
1505 3511 1509 3516 f

148 3634 212 3711 dis,
236 3641 269 3696 et
288 3640 352 3698 toto
380 3635 423 3720 (a.
444 3636 563 3722 necari)
595 3634 710 3697 deinde
732 3653 749 3696 a
771 3635 962 3698 Francorum
984 3635 1115 3718 regibus
1138 3635 1176 3698 ab
1198 3635 1345 3700 orientali

144 3765 343 3778 -—-——·—-

182 3834 209 3902 1)
229 3836 325 3887 Varios
344 3836 549 3894 commentarios
567 3835 603 3884 ad
621 3834 761 3886 Iustiniani
780 3835 910 3888 Novellas
929 3835 1030 3901 publici
1047 3834 1192 3899 iuris-fecit
1210 3833 1343 3888 &Herco-

146 3907 263 3959 baetin
285 3905 449 3958 Collectiono
468 3923 530 3958 cum
548 3907 624 3956 titulo
643 3901 798 3955 Auratam.
834 3906 930 3972 Lipsiae
949 3902 1098 3957 1838-43.
1120 3902 1215 3956 2v01.

181 3975 210 4042 2)
229 3979 254 4028 A
273 3976 402 4030 Fabrotto
421 3978 448 4028 in
460 3979 512 4028 VII
523 3978 578 4029 vol·
593 3973 671 4040 1647,
682 3983 708 4028 et
720 3979 748 4028 in
757 3977 896 4028 Thesauro
908 3975 1116 4028 Meerrncm‘aoo
1129 3981 1146 4027 t.
1157 3976 1188 4040 V,
1199 3995 1224 4044 p.
1231 3975 1343 4029 1-104.

146 4044 225 4100 1795.
263 4049 368 4100 Novam
389 4049 532 4100 editionem
551 4049 699 4114 publicavit
708 4049 804 4116 Lipsiae
828 4047 863 4098 E.
877 4049 909 4099 G.
924 4047 960 4098 E.
972 4047 1137 4100 Heimtocb:
1158 4045 1343 4102 1833-1845.

145 4119 290 4171 vuolum.
309 4116 337 4170 4·
375 4117 595 4186 supplementum
616 4119 722 4170 addidit
742 4118 777 4170 E.
797 4118 951 4171 Zachariae.
970 4119 1067 4185 Lipsiae
1087 4115 1163 4170 1846.
1266 4168 1271 4175 ,

181 4186 209 4254 3)
228 4191 299 4242 Vide
323 4193 475 4257 superhaec
494 4191 602 4242 Tlodmia
622 4207 657 4242 on
677 4192 809 4244 Retinet.
830 4191 867 4242 de
882 4189 1090 4244 Jmnconsotte.
1110 4207 1135 4241 r.
1143 4192 1163 4241 Ι.
1182 4207 1208 4256 p·
1216 4187 1277 4243 200.
1287 4209 1342 4262 sqq.

182 4257 211 4326 4)
233 4261 285 4313 Otr.
296 4261 444 4316 Houbololr‘
452 4261 643 4315 Institutiones
660 4264 859 4314 turicremam·
876 4265 1029 4314 litteraria.
1048 4262 1145 4330 Lipsiae
1155 4257 1232 4313 1809.
1253 4265 1342 4331 Hispo,

147 4333 308 4385 Gsoebiebte
329 4335 375 4384 dor
392 4341 461 4386 rem.
481 4333 583 4385 Rechts
601 4337 653 4384 ser't
674 4332 829 4395 Josttmnn,
853 4332 916 4384 edit.
935 4331 959 4385 3.
986 4334 1076 4385 Berlin
1098 4329 1177 4384 1830.
1220 4333 1344 4388 Auctoris

146 4403 358 4457 Commentarios
375 4405 440 4456 iuris
457 4405 561 4456 romani
579 4409 598 4454 t
617 4404 637 4454 1.
663 4419 707 4469 pp.
727 4399 859 4454 74-146.
900 4405 1029 4457 Eiusdem
1053 4404 1196 4458 Veronae
1225 4405 1274 4457 aer
1293 4403 1342 4458 In·

145 4479 310 4528 m'eortoom
337 4481 386 4530 etc·
408 4493 454 4543 pp.
477 4471 627 4526 rel-295.
666 4473 874 4537 Monteotroct,
898 4476 1032 4529 Doctrina
1054 4475 1262 4528 Pondectornm
1279 4481 1296 4526 t.
1319 4478 1342 4528 1.

145 4545 168 4606 ξ.
181 4543 294 4600 14-54.
335 4547 445 4614 Moyses,
472 4543 615 4598 Elemeetc
635 4541 784 4604 §.85-87.
1340 4554 1343 4558 ’
