3082 4976
194 369 213 424 4
513 375 717 414 sustulissem
736 374 811 412 runt!
830 373 934 412 ΙΟΙΛΙΙ
955 319 1076 410 glum.

209 507 410 572 comitatibus
436 507 630 569 conveniens
661 503 797 588 singolis
820 505 1009 579 inveniatur,
1042 501 1073 565 id
1096 519 1154 583 pro
1182 505 1252 566 iure
1272 506 1311 568 ab
1335 505 1401 569 illis

204 609 371 674 habebitur
392 613 424 671 et
447 607 637 670 servabitur.
683 606 837 680 Quocirca
866 603 983 668 infinita
1007 603 1061 667 illa
1084 605 1163 666 iuris
1185 605 1266 686 apud
1290 605 1400 701 diger-

200 728 254 774 sos
274 703 408 792 populos
433 708 612 772 discrimina
635 705 821 771 naturaliter
842 711 873 768 et
894 707 1083 769 necessitate
1104 705 1236 786 quadam
1258 707 1399 768 instituta

201 809 333 872 dicenda
354 815 437 872 sunt.

245 913 276 994 ξ.
291 911 341 973 11.
386 908 612 972 crescentibus
632 909 728 972 rebus
752 907 905 988 publicis,
929 913 961 970 et
983 905 1176 988 amplificatis
1201 909 1274 970 vite
1296 905 1401 970 civilis

202 1010 390 1086 rationibus,
415 1010 534 1089 scripto
557 1011 626 1072 iure
647 1008 755 1090 populi
777 1010 822 1069 uti
843 1008 964 1082 solent3
986 1008 1065 1090 iuris
1089 1009 1170 1070 enirn
1192 1006 1401 1090 eonsuetudi-

202 1127 260 1174 nes
285 1112 412 1191 scriptis
436 1105 675 1192 consignantur,
697 1115 729 1170 et
750 1108 842 1190 leges
864 1108 1020 1170 seruntur.
1055 1107 1109 1170 lle
1130 1113 1232 1170 autem
1257 1125 1326 1188 que
1348 1113 1403 1170 aut

199 1229 281 1276 nova
306 1213 385 1274 iuris
410 1215 570 1292 precepta
594 1212 748 1286 sanciunt,
771 1216 825 1272 aut
845 1211 1079 1272 controversias
1095 1209 1253 1286 decidunt,
1274 1207 1400 1289 publicu

204 1313 411 1390 auctoritate,
442 1315 600 1393 precipue
622 1311 660 1373 ad
684 1309 884 1373 stabilitatem
907 1311 985 1372 iuris
1005 1309 1184 1373 firmandam
1207 1312 1400 1389 scribuntur,

202 1432 261 1476 nec
282 1431 407 1495 semper
428 1414 488 1489 ius,
510 1414 599 1474 cuius
622 1411 784 1475 sanciendi
809 1428 902 1474 causa
920 1410 1075 1488 feruntur,
1098 1413 1229 1493 primum
1252 1413 1400 1476 introdu-

205 1519 289 1578 cunt.
331 1513 378 1575 Ne
400 1515 581 1575 necessaria
604 1513 730 1594 quidem
753 1512 887 1575 suntad
911 1513 1067 1574 civitatem
1091 1512 1171 1574 bene
1186 1513 1400 1590 ordinandam,
1466 1518 1468 1522 ’

204 1621 236 1677 et
258 1631 342 1694 sepe
355 1613 393 1675 ab
418 1614 577 1674 extrancis
600 1615 704 1676 causis
726 1615 880 1695 originem
900 1619 1036 1689 sumunt,
1060 1613 1159 1675 veluti
1178 1631 1218 1675 ex
1232 1615 1401 1678 seditioni-

202 1716 274 1791 bus,
296 1712 420 1776 bellicis
444 1712 722 1792 occupationibus,
745 1713 798 1775 vel
824 1715 921 1776 totius
943 1713 1128 1794 reipublice
1150 1715 1400 1794 perturbatione.

245 1817 276 1897 §-
290 1813 340 1880 12.
384 1813 485 1874 Aucta
508 1815 648 1894 gentium
675 1812 863 1889 eruditione,
888 1819 920 1875 et
942 1813 1140 1895 singulorum
1162 1816 1274 1877 animis
1298 1816 1399 1898 magis

207 1913 354 1989 excultis,
380 1914 556 1993 artiumque
576 1933 612 1975 ac
633 1913 867 1993 disciplinarum
887 1913 957 1975 lucc
980 1913 1163 1990 illustratis,
1195 1933 1257 1977 non
1280 1913 1399 1977 adver-

206 2021 295 2079 sante
310 2019 345 2075 ut
363 2013 445 2095 apud
459 2014 597 2090 Grecos,
618 2013 726 2094 populi
740 2016 881 2097 ingenio,
905 2017 954 2076 ius
973 2015 1142 2078 artificiose
1154 2013 1279 2078 colitur.
1304 2015 1401 2078 Exis-

205 2121 294 2192 tunt,
326 2115 434 2195 quiin
459 2115 691 2196 cognoscendis
715 2121 747 2176 et
770 2115 953 2178 excolendis
973 2114 1099 2198 legibus
1123 2133 1248 2198 operam
1273 2123 1401 2198 ponant,

204 2224 236 2280 et
260 2233 341 2279 nova
363 2216 410 2278 sic
433 2221 527 2294 atque
546 2215 729 2278 sublimiora
751 2217 812 2277 iuri
836 2215 988 2278 elementa
1014 2215 1171 2278 adiiciant.
1223 2215 1298 2280 Cum
1319 2219 1401 2280 enim

205 2319 391 2400 diligentius
412 2317 572 2396 inquirant
592 2319 623 2377 in
645 2333 758 2378 rerum*
773 2322 914 2379 naturam
937 2320 969 2378 et
987 2317 1163 2378 accuratius
1178 2317 1309 2379 definire
1331 2322 1402 2381 stu-

205 2420 309 2494 deant,
333 2419 457 2498 quinam
480 2421 617 2498 supremi
639 2419 702 2478 sint
723 2415 800 2479 fines
822 2419 921 2479 omnis
934 2419 1162 2480 coniunctionis
1180 2424 1273 2498 atque
1294 2423 1403 2482 socie-

202 2523 273 2585 tatis
300 2520 462 2593 bumane,
492 2515 654 2599 generalia
691 2516 830 2596 quedem
859 2517 949 2597 quasi
980 2518 1060 2579 iuris
1092 2520 1244 2599 principia
1273 2526 1399 2597 eruunt,

204 2621 312 2705 legum
334 2639 370 2682 ao
392 2635 512 2681 morum
530 2619 761 2698 comparatione
783 2617 863 2680 lacta
886 2619 918 2679 in
934 2619 1011 2680 artis
1032 2619 1173 2681 ordinem
1187 2625 1299 2682 cuncta
1320 2620 1400 2681 iuris

202 2725 358 2804 precepta
382 2718 550 2800 redigunt,
574 2719 681 2794 etita,
709 2718 792 2798 quod
824 2719 1002 2800 dispersum
1033 2726 1123 2782 antea
1151 2739 1188 2782 ac
1216 2720 1399 2800 dissipatum

203 2818 418 2904 singularibus
441 2819 592 2880 institutis
609 2837 645 2880 ac
672 2820 953 2882 consuetudinibus
970 2823 1227 2902 comprehensum
1248 2824 1298 2883 ius
1319 2826 1399 2897 erat,

204 2923 236 2984 id
259 2919 424 3000 disciplina
449 2917 648 2995 conclusum,
680 2920 712 2980 in
735 2920 1012 3000 iurisprudentiam
1034 2937 1222 2985 conversum
1256 2927 1287 2983 ct
1317 2939 1399 2985 nova

202 3023 292 3102 quasi
314 3020 412 3082 forma
433 3017 594 3094 indutum,
629 3019 790 3096 technice,
826 3025 860 3082 ut
881 3021 921 3083 ita
942 3022 1097 3103 dicamus,
1121 3023 1264 3086 existere·
1279 3023 1398 3101 incipit.

202 3121 265 3184 lam
286 3122 336 3182 ius
358 3118 414 3182 tali
446 3119 537 3182 modo
561 3121 856 3183 iurisconsultorum
879 3139 938 3202 ope
961 3122 1149 3202 perlectum*
1168 3139 1289 3185 omnem
1311 3139 1398 3184 suam

201 3221 411 3304 prestantium
433 3222 492 3282 arti
515 3237 624 3282 eorum
646 3238 682 3282 ac
705 3219 856 3283 doctrine
878 3221 1016 3306 debebit,
1041 3224 1141 3284 omnis
1160 3223 1229 3284 eius
1245 3220 1397 3301 aptitudo,

200 3321 328 3383 firmitas
356 3338 392 3381 ac
415 3319 538 3381 cultura
566 3319 645 3380 iuris
669 3319 836 3399 prudentia
860 3318 1048 3382 florescente
1071 3320 1204 3396 nitetur,
1237 3321 1398 3383 iuriscon-

200 3421 278 3485 sulti
300 3421 426 3482 iustitiae
449 3419 605 3496 antistites
631 3418 746 3499 populo
769 3425 879 3494 erunt,
904 3419 1139 3499 respondendo,
1161 3417 1334 3496 suadendo,
1358 3419 1397 3482 de

200 3525 271 3584 iure
294 3519 473 3595 scribendo,
495 3520 699 3602 magistratus
722 3519 874 3602 gerendo.

246 3622 340 3705 §.13⁸
386 3621 534 3694 Quamvis
565 3625 666 3683 autem
696 3621 728 3682 in
759 3627 818 3682 tam
843 3619 982 3701 expolito
1003 3620 1081 3682 iuris
1103 3625 1186 3682 statu
1210 3637 1269 3681 nec
1290 3617 1397 3680 multis

203 3723 329 3806 legibus
352 3739 411 3783 nec
434 3723 512 3784 iuris
536 3721 722 3802 corporibus
747 3722 784 3784 ab
814 3721 1040 3803 imperantibus
1071 3719 1222 3801 perlectis
1254 3735 1334 3800 opus
1357 3718 1399 3779 sit

203 3823 241 3887 ad
264 3824 314 3885 ius
337 3821 420 3884 bene
450 3821 644 3884 reddendum
667 3822 978 3902 conservandamque
1011 3823 1043 3883 in
1074 3821 1201 3883 civitate
1227 3821 1396 3882 iustitiam:

203 3927 305 3985 tanuen
330 3937 527 4003 summopere
550 3922 657 4004 populi
680 3922 804 3986 utilitati
827 3922 1003 3986 consulitur
1025 3922 1177 3985 eiusmodi
1200 3923 1296 3984 totius
1319 3921 1397 3982 iuris

199 4025 232 4087 in
255 4019 420 4085 codicibus
443 4023 617 4086 secundum
648 4025 724 4086 artis
746 4023 878 4106 regulas
904 4029 935 4085 et
963 4023 1098 4106 singulis
1130 4023 1199 4084 cius
1221 4020 1399 4102 praeceptis
1453 4025 1455 4034 '

203 4121 363 4186 subtiliter
385 4122 539 4199 delinitis,
563 4125 652 4203 quasi
673 4125 703 4185 in
726 4123 873 4186 breviora
898 4111 1080 4204 cdmpendia
1105 4122 1229 4205 digesta
1253 4139 1400 4202 compre-

202 4223 366 4288 bensione.
418 4223 484 4288 Hoc
506 4223 573 4286 fieri
597 4241 680 4305 sepe
692 4225 864 4286 necessitas
889 4229 948 4299 est,
972 4223 1070 4287 veluti
1094 4221 1283 4306 eumlegum
1308 4221 1397 4303 copia

202 4325 235 4386 in
247 4323 316 4388 dies
331 4329 496 4387 crescente
511 4329 543 4385 et
563 4325 700 4386 extincto
716 4325 854 4387 scientie
870 4323 985 4386 lumine
1007 4322 1303 4388 iurisconsultorum
1321 4339 1398 4384 eru-

199 4423 334 4488 ditorum
364 4425 468 4506 inopie
490 4424 549 4500 sit,
578 4428 632 4486 aut
659 4441 729 4488 oum
757 4426 825 4487 iura
856 4423 1005 4488 violentis
1035 4423 1218 4505 reipublice
1246 4423 1398 4487 mutatio-

203 4524 295 4588 nibus
326 4523 508 4604 perturbata
538 4525 602 4586 sint
630 4525 843 4603 restituenda,
877 4530 931 4590 aut
958 4541 1027 4589 oum
1056 4524 1199 4606 pluribus
1219 4521 1400 4594 civitatibus
