3098 4966
588 365 669 402 erana
679 366 709 407 rr.
721 364 788 404 ruer
800 367 817 408 τ.
832 366 888 406 ear.
901 367 931 409 u.
1327 359 1361 414 91

156 497 239 560 nulli
260 501 335 560 sunt
354 511 467 572 casus3
489 495 603 558 deinde
625 496 743 576 nullum
766 499 867 560 estin
888 496 1002 560 ellectu
1016 497 1186 559 discrimen
1197 499 1281 561 inter
1296 501 1363 562 baee

157 597 286 662 diversa
320 599 539 661 accessionum
578 598 709 681 genera.
764 599 963 662 Commodius
997 600 1035 662 ad
1071 601 1362 664 recentissimcrum

156 705 322 763 auctorum
354 700 530 781 exemplum
562 703 709 781 sequenti
740 700 852 764 ordine
885 701 1030 764 diversos
1058 721 1117 783 per
1148 702 1362 764 accessionem

159 801 346 883 acquirendi
367 803 477 866 modos
501 820 714 884 exponemus:
746 809 780 865 ut
801 805 900 883 primo
925 803 964 866 de
986 803 1140 866 fructibus
1163 821 1221 884 per
1248 820 1362 864 acces-

156 903 280 966 sionem
303 903 507 983 acquirendis
530 904 704 980 videamus,
729 905 842 967 deinde
859 905 899 966 de
912 906 1035 966 ceteris
1049 903 1287 968 accessionibus
1300 909 1362 968 tam

157 1003 362 1084 prediorum,
384 1021 477 1084 quam
499 1021 605 1067 rerum
626 1005 798 1070 mobilium.

199 1105 317 1189 §.dil
362 1105 580 1186 Quodcunque
601 1107 763 1188 igiturex
784 1112 891 1177 nostra
921 1123 957 1166 re
978 1105 1137 1180 nascitur,
1167 1103 1361 1166 accessionis

156 1209 230 1271 iure
260 1211 403 1270 nostrum
441 1209 539 1295 est1).
593 1207 669 1270 Cum
702 1209 784 1270 enim
817 1208 938 1270 tructus
972 1207 1072 1287 ipsius
1103 1207 1151 1267 rei
1182 1222 1256 1285 pars
1287 1206 1361 1281 sint,

157 1307 308 1390 quamdiu
329 1327 399 1371 cum
420 1328 457 1371 ea
478 1309 650 1384 coherent,
675 1309 858 1370 necessario
872 1305 910 1368 ad
923 1307 971 1367 rei
984 1305 1139 1368 dominum
1153 1307 1311 1386 pertinent
1319 1306 1361 1392 ²),

157 1429 219 1472 nec
241 1411 378 1490 separati
400 1410 469 1472 eius
493 1425 566 1472 esse
588 1407 756 1483 desinunt,
790 1407 850 1467 nisi
877 1411 1046 1467 extraneus
1069 1405 1174 1484 aliqua
1198 1423 1238 1466 ex
1266 1421 1362 1466 causa

157 1526 216 1574 eos
237 1526 312 1574 suos
334 1508 498 1594 teceritq.
543 1508 619 1570 lnde
642 1525 703 1569 non
725 1505 919 1569 solummodo
942 1505 1053 1586 lruges
1076 1505 1224 1568 exlundc
1240 1511 1362 1581 nostro,

157 1610 212 1672 vel
234 1609 355 1672 iruetns
377 1627 418 1672 ex
442 1610 607 1674 arboribus
632 1612 750 1672 nostris
779 1611 1004 1689 provenientes
1034 1607 1072 1670 ad
1101 1625 1158 1670 nos
1190 1609 1360 1694 pertinent,

157 1727 270 1774 verum
295 1711 387 1773 etiam
408 1711 504 1774 loetus
526 1711 717 1788 animalium,
740 1711 861 1791 quein
885 1717 995 1772 nostro
1018 1716 1092 1772 sunt
1115 1709 1303 1796 domini04).

200 1810 316 1894 §.328
361 1811 447 1874 lnter
468 1812 656 1892 prediorum
678 1815 879 1877 accessiones
904 1813 1043 1892 quaedam
1068 1819 1151 1889 sunt,
1174 1829 1245 1892 quae
1266 1817 1361 1874 natu-

156 1913 269 1978 raliter
290 1913 387 1991 liunt,
422 1914 509 1976 nullo
539 1915 671 1977 hominis
702 1914 785 1977 iacto
808 1915 1064 1988 interveniente3
1101 1913 1240 1992 quaedam
1264 1931 1361 1992 opera

156 2016 294 2079 hominis
319 2014 541 2095 perficiuntur3
565 2015 688 2076 illarum
717 2033 848 2078 numero
878 2021 952 2076 sunt
979 2032 1038 2095 per
1065 2014 1275 2091 alluvionem,
1304 2031 1362 2093 per

156 2117 222 2178 vim
244 2115 394 2192 fluminis,
418 2133 476 2196 per
492 2115 617 2178 alveum
634 2122 783 2179 mutatum
800 2122 832 2178 et
843 2134 904 2196 per
919 2115 1052 2178 insulam
1067 2117 1100 2177 in
1118 2115 1243 2178 llumine
1257 2121 1358 2178 natam
1445 2189 1454 2204 .

156 2217 377 2290 accessiones3
404 2216 441 2279 ad
465 2217 520 2279 has
541 2217 719 2279 referende
741 2223 815 2279 sunt
836 2219 935 2294 satio,
969 2217 1121 2298 plantatio
1144 2222 1175 2278 et
1196 2215 1361 2296 edificatio

157 2320 191 2379 in
215 2315 320 2378 alieno
342 2315 413 2381 sclo
437 2316 537 2393 taeta,
563 2317 602 2379 de
626 2317 740 2397 quibus
761 2317 897 2400 singulis
920 2317 1148 2398 dispiciendum
1169 2323 1229 2380 est.

198 2421 231 2500 ξ.
241 2417 313 2482 329.
358 2417 488 2480 Allnvio
508 2423 642 2481 vocatur
664 2420 891 2480 incrementum
913 2418 1025 2494 latens,
1050 2417 1135 2498 quod
1149 2437 1165 2480 a
1180 2416 1360 2478 fluminibus

156 2519 276 2582 sensim
299 2516 513 2598 paulatimque
536 2518 655 2598 praedio
678 2523 787 2581 nostro
808 2517 956 2580 adiicitur
967 2517 1007 2604 ⁵).
1040 2518 1075 2579 ln
1099 2518 1233 2600 stagnis,
1258 2521 1289 2577 et
1310 2515 1360 2578 la-

156 2619 258 2682 cubus
280 2617 399 2680 alluvio
423 2636 485 2680 non
508 2619 628 2680 obtinet
641 2617 668 2704 6)
692 2637 751 2682 nec
773 2621 804 2680 in
827 2620 914 2701 agris
939 2619 1077 2680 limitetis
1091 2619 1129 2705 τ).
1174 2615 1264 2690 Quod
1281 2633 1360 2678 vcro

155 2721 208 2782 vis
233 2717 368 2782 fluminis
392 2719 487 2782 alicui
512 2719 632 2800 predio
656 2721 775 2800 impetu
804 2737 863 2782 suo
885 2720 1023 2782 detraxit
1045 2725 1076 2780 et
1097 2719 1200 2780 alieno
1229 2715 1359 2793 addidit,

156 2819 245 2883 illius
266 2819 392 2882 domino
422 2837 483 2882 non
506 2823 609 2882 statim
631 2822 793 2884 amittitur.
839 2820 900 2885 Sed
923 2822 951 2882 si
973 2820 1119 2902 longiore
1143 2825 1285 2899 tempore
1306 2816 1360 2879 alii

156 2921 255 2984 fundo
278 2921 416 2998 haeserit,
440 2938 509 2984 eum
534 2940 637 3002 eoque
660 2923 825 3000 coaluerit,
849 2921 933 3004 quod
959 2923 1091 2985 maxime
1110 2939 1149 2984 ex
1166 2939 1204 2983 ec
1218 2924 1359 3000 apparet,

156 3023 186 3084 si
209 3021 353 3098 arbores,
378 3039 457 3102 quas
477 3039 586 3084 secum
609 3024 752 3099 traxerit,
777 3025 808 3085 in
832 3041 903 3085 eum
925 3022 1054 3084 fundum
1076 3022 1200 3086 radices
1223 3019 1359 3102 egerint,

157 3139 199 3184 ex
219 3140 259 3184 eo
281 3127 423 3202 tempere
445 3123 538 3186 alteri
561 3122 658 3185 lundc
679 3125 868 3204 acquisitum
891 3123 1067 3186 habendum
1091 3127 1140 3184 est
1149 3121 1191 3208 ⁸).

199 3226 230 3304 ξ.
243 3222 315 3286 330.
360 3222 467 3286 insula
488 3225 519 3284 in
543 3223 671 3286 flumine
693 3230 763 3286 nata
786 3242 894 3286 eorum
914 3225 958 3299 lit,
982 3225 1147 3303 quiprope
1163 3223 1260 3301 ripam
1273 3235 1359 3300 prac-

157 3321 208 3384 dia
231 3322 446 3411 possident9).
491 3323 523 3386 Si
547 3321 673 3404 quidem
697 3324 829 3386 mediam
851 3331 970 3403 partem
993 3323 1128 3385 lluminis
1142 3321 1245 3384 insula
1261 3327 1359 3396 tenet,

156 3423 331 3486 communis
352 3427 404 3484 est
426 3439 545 3499 eorum,
570 3425 623 3503 qui
647 3424 684 3486 ab
709 3429 844 3504 utraque
867 3431 956 3504 parte
978 3423 1115 3485 fluminis
1139 3439 1237 3502 prope
1259 3423 1358 3501 ripam

156 3523 276 3604 predia
302 3523 429 3600 habent,
455 3541 512 3605 pro
529 3524 695 3586 latitudine
713 3526 867 3605 cuiusque
884 3524 1006 3606 predii,
1028 3541 1098 3604 quae
1112 3522 1245 3585 latitudo
1260 3538 1359 3602 prope

154 3623 256 3704 ripam
279 3629 337 3686 est.
391 3624 481 3698 Quod
508 3627 536 3688 si
555 3643 647 3718 ¹vero
676 3626 766 3689 alteri
796 3627 876 3706 parti
904 3620 1034 3706 propior
1062 3626 1121 3701 sit,
1164 3641 1273 3686 eorum
1311 3626 1359 3684 est

192 3835 220 3904 1)
237 3837 261 3898 §-
275 3837 317 3892 19.
333 3840 354 3890 Ι.
375 3841 401 3890 h.
420 3846 438 3892 t.
459 3839 519 3892 Gai.
530 3841 557 3894 2.
579 3841 602 3902 ὅ.
614 3838 657 3894 71.
668 3838 711 3894 74.
729 3845 760 3893 ir.
773 3840 815 3894 25.
833 3858 872 3912 pr.
891 3844 924 3893 D.
942 3841 985 3904 22,
1004 3840 1018 3891 1
1038 3837 1086 3908 (do
1103 3833 1209 3904 dauns).

189 3907 220 3973 2)
239 3911 303 3976 Arg.
321 3912 353 3962 ir.
372 3908 416 3962 44.
435 3913 468 3962 D.
487 3913 514 3976 (τ’,
534 3913 549 3966 1
571 3911 618 3980 (de
639 3913 679 3964 rei
698 3910 817 3979 vindic).

190 3979 208 4033 3
239 3981 331 4032 Veluti
346 3984 525 4050 perceptione,
543 3985 799 4038 atusulruetuarlus.
836 3986 877 4034 Do
895 3982 969 4034 hisce
983 3982 1092 4033 inferius
1109 3975 1231 4039 diacturl.

189 4051 208 4104 4
238 4052 261 4112 ἓ.
282 4052 325 4104 19.
344 4056 364 4104 Ι.
385 4056 411 4106 h.
430 4061 449 4106 t.
469 4051 506 4120 (2,
527 4055 562 4121 1).
580 4060 612 4108 fr.
633 4053 658 4107 5.
676 4055 700 4115 §-
720 4054 745 4106 2.
762 4058 794 4107 fr.
812 4051 856 4105 44.
875 4055 907 4103 D.
925 4053 952 4117 6,
972 4053 985 4103 1
1006 4053 1055 4119 (do
1073 4053 1110 4103 rei
1130 4049 1223 4116 vind).

190 4120 217 4254 55)
238 4123 262 4246 57.
282 4123 325 4177 20.
343 4127 363 4176 Ι.
383 4128 409 4177 h.
428 4131 446 4178 t.
464 4127 496 4178 fr.
515 4123 540 4180 7.
559 4127 582 4188 §-
600 4128 625 4180 1.
642 4129 675 4178 D.
695 4127 757 4178 eod.
776 4143 798 4178 c.
812 4125 836 4176 1.
856 4121 928 4189 (1.7,
947 4122 979 4176 41
1004 4122 1050 4191 (de
1069 4118 1267 4187 alluvionibus).
1298 4120 1357 4176 Gai.

154 4195 181 4260 2,
218 4233 224 4245 .
260 4195 287 4246 0.

189 4265 219 4330 6)
240 4267 283 4316 Fr.
305 4263 347 4316 12.
365 4283 403 4332 ρτ.
422 4269 455 4318 D.
474 4269 501 4318 h.
517 4273 536 4319 t.
636 4264 664 4333 7)
684 4269 727 4318 er.
746 4264 787 4318 16.
806 4267 839 4317 D.
859 4265 922 4317 eod.

190 4331 218 4402 8)
238 4338 358 4387 Vocatur
375 4339 432 4388 haec
451 4337 565 4390 adiectio
585 4353 601 4386 a
618 4339 782 4406 quibusdam
802 4341 924 4400 aculam
954 4336 977 4397 ἓ.
995 4335 1038 4388 21.
1057 4337 1077 4387 Ι.
1100 4337 1127 4387 ln.
1146 4341 1164 4386 t.
1189 4336 1220 4386 ir.
1239 4330 1264 4386 7.
1287 4331 1310 4392 §-
1331 4332 1356 4384 2.

154 4411 188 4459 D.
207 4407 268 4459 cod.
286 4409 319 4460 ir.
337 4408 361 4460 9.
381 4411 404 4474 ς.
416 4408 441 4460 2.
459 4411 492 4461 D.
507 4409 550 4472 39,
569 4408 585 4460 2
604 4407 649 4475 (da
669 4409 766 4460 damno
782 4405 901 4472 inlecto).
922 4407 1013 4460 eane.
1033 4404 1109 4468 §.7st
1130 4406 1189 4460 Sec.
1208 4407 1292 4459 rerba
1300 4404 1358 4455 Ins·

153 4479 302 4534 maumam
321 4478 385 4532 solae
403 4482 511 4534 arbones
529 4481 630 4548 acquiri
650 4480 757 4532 domino
776 4480 852 4531 fundi
872 4480 1005 4532 ridentur.

190 4545 218 4616 9)
238 4547 317 4622 52²²·
335 4551 356 4600 1.
378 4551 404 4603 h.
422 4557 440 4603 1.
461 4555 491 4604 ir.
511 4548 536 4604 7.
557 4549 611 4612 §.a
619 4549 644 4604 4.
662 4553 696 4604 D.
714 4552 750 4604 ib.
766 4552 797 4603 fr.
806 4549 848 4604 29.
867 4549 949 4604 eae.
968 4550 991 4611 ἓ.
999 4551 1024 4604 2.
1043 4551 1076 4601 D.
1093 4549 1119 4601 h.
1133 4553 1152 4600 1.
1175 4545 1233 4602 esi.
1241 4545 1266 4598 2.
1282 4543 1305 4606 ἃ.
1313 4541 1357 4597 72.
