3082 4976
186 307 204 360 8
505 314 705 354 rusurrmronn
726 315 801 354 tuum
819 314 924 353 uentu
944 313 1066 354 rurum.

188 453 223 510 ut
243 447 363 523 dicunt,
384 463 405 508 o
423 445 524 526 priori
544 444 747 520 oonlioiendu‚
768 444 826 507 sed
850 462 891 506 ex
910 443 1100 524 ipsiusiuris
1112 443 1215 506 civilis
1234 445 1384 507 institutis

188 567 225 612 uo
243 548 421 630 preceptis,
443 547 523 612 lacte
541 563 649 610 eorum
662 545 904 626 comparatione,
924 543 1066 606 ducendo
1083 549 1115 606 et
1127 543 1285 608 formanda
1300 550 1385 607 sunt.

189 649 256 724 Qun
287 651 409 712 ratione
441 648 567 713 adducti
596 644 872 727 iurisprudentiom
901 643 1066 726 positivam
1088 645 1248 707 scientium
1269 649 1387 707 vocure

187 751 420 814 consuevimus.

293 937 360 988 TIT.
371 937 404 986 V.
442 937 490 988 DE
509 934 666 989 Pussbtco
686 936 733 988 Itu
752 935 910 988 Ptttvnuo
931 933 1025 997 mnu,
1044 933 1125 988 SIVE
1144 931 1277 986 uoums

317 1023 628 1078 IURISPRUDENTIAE
651 1025 689 1076 IN
706 1022 844 1076 PARTES
864 1022 954 1077 SUAS
973 1021 1205 1075 DIS'I'RIBUTIO
1223 1019 1252 1088 ¹).

233 1159 264 1240 ξ.
278 1155 329 1222 25.
372 1154 449 1236 Due
471 1156 666 1236 potissimum
688 1161 763 1218 sunt
783 1157 862 1218 iuris
886 1156 1060 1236 positiones
1083 1155 1239 1228 diverse;
1263 1154 1310 1215 ius
1333 1157 1389 1214 nut

190 1256 350 1339 publicum
371 1261 437 1333 est,
462 1262 515 1318 out
547 1257 712 1337 privatum.
771 1255 932 1318 Publicum
955 1257 1004 1317 ius
1028 1261 1087 1332 est,
1110 1254 1193 1335 quod
1214 1253 1388 1316 adsutum

189 1355 373 1438 reipublice
393 1362 525 1437 spectet,
548 1357 715 1437 privatum,
737 1356 821 1437 quod
843 1356 881 1418 od
894 1355 1091 1439 singulorum
1107 1353 1290 1430 utilitatem3
1314 1360 1389 1417 sunt

191 1463 271 1520 enim
297 1457 438 1538 quedam
460 1458 585 1538 publice
614 1458 722 1535 utilio,
752 1459 893 1539 quedem
914 1458 1070 1539 privatim.
1115 1455 1200 1518 lnter
1216 1463 1387 1536 utrumque

193 1558 272 1623 illud
297 1559 451 1635 interest,
475 1559 559 1640 quod
591 1561 640 1621 ius
672 1559 830 1638 publicum
852 1560 1045 1640 privatorum
1068 1561 1168 1637 puetis
1190 1557 1302 1618 mutari
1325 1574 1387 1619 non

191 1665 305 1742 potest.

236 1764 266 1844 ξ.
280 1759 331 1824 26.
375 1759 494 1822 Publici
517 1762 595 1823 iuris
613 1767 770 1843 precepta
791 1767 845 1824 uut
870 1759 909 1823 nd
932 1760 1187 1823 constitutionem
1208 1755 1390 1837 reipublice

196 1863 329 1941 eiusque
359 1860 574 1943 gubernande
603 1865 756 1927 rationem
785 1867 947 1942 spectent,
983 1866 1037 1922 out
1065 1859 1104 1922 cd
1136 1857 1390 1922 necessitudines

193 1964 275 2025 inter
300 1980 366 2025 eom
397 1961 538 2042 ullusque
560 1964 704 2026 civitates
727 1962 937 2025 intercedunt.
992 1961 1069 2023 lnde
1097 1960 1167 2024 due
1191 1959 1286 2022 huius
1307 1958 1388 2019 iuris

193 2068 311 2144 partes,
335 2079 465 2142 querum
488 2062 618 2126 alterum
641 2063 736 2126 hodie
765 2065 815 2125 ius
838 2060 990 2142 publicum
1009 2061 1163 2124 interm
1191 2059 1320 2122 alterum
1342 2057 1392 2118 ios

193 2161 346 2244 publioont
370 2167 532 2224 oeternum
554 2163 714 2244 uppollurc
739 2162 852 2226 solent.

278 2267 309 2346 ξ.
324 2263 375 2327 27.
420 2263 480 2326 Sed
506 2269 538 2325 ct
560 2264 662 2344 ipsum
688 2265 736 2326 ius
758 2263 917 2344 publicum
939 2266 1095 2326 internum
1121 2261 1230 2343 plures
1252 2260 1394 2342 empleo-

195 2364 273 2426 titur
298 2361 492 2443 disciplinas.
530 2362 683 2426 Versetur
706 2367 787 2428 enim
814 2371 868 2428 unt
892 2366 924 2428 in
953 2365 1176 2428 constitutione
1198 2361 1392 2442 reipublice,

196 2468 250 2526 out
273 2469 346 2525 sunt
370 2463 440 2526 eius
464 2465 602 2527 instituto
626 2465 878 2530 administrunde
897 2465 1081 2547 reipublice
1101 2465 1279 2526 constitute
1299 2479 1393 2526 consu

198 2564 359 2639 ordinatu3
383 2581 452 2644 que
476 2583 554 2628 vero
577 2567 750 2646 sepissime
775 2585 815 2628 ex
838 2568 1061 2628 constitutione
1083 2564 1276 2644 reipublice,
1300 2564 1394 2644 quusi

195 2681 235 2726 ex
257 2663 457 2726 fundamento
481 2665 636 2746 originem
664 2671 696 2726 et
719 2667 935 2728 auctoritatem
957 2665 1103 2738 trabunt3
1134 2663 1208 2726 inde
1228 2665 1307 2727 iuris
1330 2680 1394 2745 pu-

197 2763 271 2826 blici
292 2762 481 2824 constitutioi
502 2769 532 2825 et
547 2762 785 2826 odnnniotrotici
803 2765 885 2846 apud
896 2767 1091 2828 recentiores
1105 2763 1274 2826 distinctio.
1299 2762 1393 2840 Illud,

197 2847 281 2945 ‹juod
304 2865 353 2925 ius
376 2862 537 2943 publicum
560 2866 745 2946 angustiore
768 2883 875 2942 sensu,
900 2865 982 2946 opud
1006 2865 1177 2929 Germanos
1202 2862 1395 2928 Stootsreobt

199 2964 351 3027 nominari
372 2961 466 3039 solet,
487 2979 621 3026 summus
642 2965 674 3026 in
690 2966 816 3028 civitute
838 2971 1009 3047 potestates
1028 2965 1150 3042 delinit,
1173 2964 1394 3045 publicumque

199 3063 299 3128 firmet
320 3061 430 3144 populi
453 3062 648 3147 libertntem.¹
664 3064 905 3129 constituuntur
922 3067 981 3129 hoo
1000 3068 1069 3128 iure
1088 3066 1241 3146 principis
1263 3064 1394 3146 regisve

200 3165 374 3245 imperium,
398 3165 570 3226 maiestatis
593 3183 708 3228 summo
732 3169 882 3248 potentie,
905 3166 1013 3248 populi
1035 3165 1164 3228 libertos
1188 3165 1395 3244 ordinumque

200 3266 268 3327 iura
291 3269 323 3326 et
344 3263 524 3346 privilegiu.
569 3263 727 3328 Describit
750 3267 1132 3347 reipublice-perpetuum
1154 3263 1395 3327 immutabilem-

202 3383 263 3446 que
285 3365 423 3428 lormum.
468 3363 578 3428 Altera
595 3366 674 3429 iuris
697 3367 814 3447 publici
836 3385 908 3448 purs
932 3385 992 3448 quo
1009 3368 1166 3442 statuitur,
1191 3367 1395 3446 quemadmo-

204 3465 276 3527 dum
297 3466 715 3548 gubernuoulu'reipublioe
739 3469 880 3552 regende
894 3470 967 3545 sint,
991 3485 1060 3550 que
1072 3469 1135 3530 sint
1156 3467 1395 3550 magistratuum

201 3584 239 3632 eu
261 3569 433 3630 tenentium
456 3576 583 3630 munere
619 3575 650 3630 et
672 3571 820 3632 universo
850 3587 956 3632 rerum
989 3568 1200 3653 gerendorum
1229 3567 1328 3642 ratio,
1364 3567 1395 3628 in

201 3665 309 3746 plures
333 3667 445 3730 iterum
468 3667 608 3744 discedit
624 3674 738 3750 portes.

204 3825 326 3834 ...—...----
330 3824 400 3834 ...η

240 3906 267 3976 1)
286 3910 339 3962 Res
365 3911 458 3962 summi
484 3910 609 3962 momenti
637 3917 678 3963 eet
703 3911 834 3963 adcurate
860 3912 990 3964 universe
1013 3911 1225 3978 iurisprudeutie
1248 3911 1276 3963 in
1306 3915 1397 3978 peries

205 3997 268 4034 suus
288 3981 436 4034 distributio
450 3982 660 4048 eisingulorum
679 3999 715 4034 ex
725 3984 820 4052 quibus
830 3988 943 4044 constet,
962 3983 1160 4049 disciplinarum
1171 3983 1322 4049 descriptio·
1342 3983 1396 4034 Ex·

204 4052 268 4120 poul
288 4053 328 4104 he
344 4053 499 4119 partitiones
518 4055 605 4105 solent
627 4054 703 4106 iniis
723 4056 861 4122 operibus,
888 4069 945 4121 que
969 4055 1042 4120 opud
1062 4053 1211 4107 Germanos
1235 4059 1262 4106 et
1279 4055 1397 4106 licturus

205 4123 281 4176 lusit
301 4121 520 4191 Enoyclopoedioe
545 4125 676 4190 appellari
699 4126 793 4187 uolent.
841 4125 975 4190 Optimirn
997 4125 1208 4191 iurisprudeutiue
1226 4125 1397 4192 Enoyolope·

206 4195 278 4245 diam
297 4196 385 4246 totino
407 4196 531 4262 seriptum
559 4196 643 4248 edidit
662 4199 745 4250 Oorn.
763 4195 841 4247 Anne
865 4198 918 4248 den
940 4197 1003 4246 Teo.
1035 4193 1315 4248 Amstelodemi1839.
1346 4197 1397 4248 No-

204 4266 325 4318 visslmcs
353 4268 504 4331 germanico
529 4282 650 4320 sermone
675 4269 834 4334 compositos
858 4267 1062 4334 publicaverunt
1079 4264 1148 4320 1853
1171 4268 1294 4334 Erlnngru
1318 4267 1397 4320 huius

204 4337 266 4388 llbrl
292 4342 400 4399 cuot0r3
428 4338 538 4389 Vienue
564 4335 933 4399 doetissim.Abrons1855,
961 4338 1060 4390 Bonne
1086 4337 1169 4390 Ferd.
1193 4339 1299 4390 Walter
1320 4335 1396 4392 1856.

205 4410 276 4460 Inter
300 4408 432 4460 eiusmodi
456 4410 537 4461 libros
557 4410 654 4474 gallico
683 4409 795 4475 scriptos
814 4409 927 4475 primum
945 4409 1034 4460 locum
1055 4409 1156 4461 obtinet
1181 4409 1220 4460 Μ.
1243 4408 1397 4474 Eocbbocb,

204 4480 260 4533 ted
278 4481 508 4548 Argentoratensis
527 4478 721 4534 Introduction
739 4480 755 4534 d
776 4479 897 4533 t'Etuds
915 4482 954 4532 du
975 4481 1056 4534 droit.
1076 4479 1101 4531 3.
1120 4480 1163 4533 od.
1182 4481 1258 4534 Puris
1277 4476 1356 4532 1886.
