3098 4966
192 312 228 368 94
515 323 715 362 1111173710118
733 321 811 362 Ilm}
830 323 936 362 mm
955 324 1075 363 tntum.

193 448 294 512 veluti
317 454 430 512 stature
449 467 506 530 pes
529 449 582 514 vel
603 468 722 528 manus,
747 456 778 514 et
800 449 884 514 lecto
905 451 1092 537 fulcrum1).
1137 451 1258 525 Quodsi
1270 451 1396 514 dubium

193 547 306 626 tuerit,
337 551 508 631 pretiosior
537 550 720 632 principalis
749 567 801 614 res
830 551 1262 642 essevidetur’)1.iterm
1294 559 1397 615 umen

193 650 252 710 etsi
273 667 378 712 auree
400 651 480 727 sint,
512 650 643 728 charte,
675 651 779 714 tabule
808 669 886 716 vero
916 653 1047 733 picturae
1077 652 1193 716 cedere
1216 653 1335 716 debent
1356 669 1397 715 ex

193 750 357 812 lastiniani
380 750 543 814 decisione
554 753 591 832 ³).

237 872 267 950 ς.
280 868 353 932 337.
398 867 654 931 commixtionem
676 883 842 946 vocamus,
876 885 945 930 cunr
976 868 1073 931 aridae
1100 887 1170 946 res,
1203 871 1304 933 veluti
1326 871 1397 933 ttu-

193 973 343 1045 mentum,
365 970 406 1031 ite
430 968 614 1046 miscentur,
637 976 672 1031 nt
693 971 833 1032 materie
854 971 957 1032 mixte
978 968 1181 1032 diversorum
1202 970 1397 1034 dominorum

193 1068 332 1130 discerni
365 1087 429 1132 non
462 1071 594 1149 possint.
639 1071 715 1144 Quae
745 1071 773 1133 si
804 1085 844 1134 ex
874 1067 1038 1132 voluntate
1067 1070 1263 1134 dominorum
1294 1073 1397 1134 mixte

195 1169 331 1246 suerint,
362 1171 532 1250 utriusque
555 1170 672 1233 domini
693 1187 874 1234 communes
897 1178 988 1246 sunt,
1018 1172 1091 1251 quia
1114 1171 1240 1254 singula
1263 1187 1397 1254 corpore

194 1288 234 1332 ex
256 1270 452 1332 dominorum
473 1289 632 1334 consensu
653 1273 794 1334 vicissim
816 1274 1040 1335 communicata
1057 1278 1140 1334 sunt.
1176 1271 1209 1336 Si
1226 1273 1397 1336 casnmix-

193 1377 263 1434 tura
286 1371 367 1435 iacta
393 1374 445 1450 sit,
471 1373 583 1436 veleb
608 1391 673 1435 uno
696 1373 834 1450 domino,
856 1391 918 1436 non
937 1374 1155 1436 consentiente
1170 1373 1283 1450 attero,
1305 1377 1397 1434 uter-

194 1490 256 1554 que
284 1489 389 1536 rerum
416 1487 543 1538 suarum
567 1475 711 1537 dominus
735 1479 915 1555 permanet,
946 1477 1020 1554 quie
1049 1473 1176 1558 singula
1205 1489 1338 1555 corpora
1364 1473 1396 1534 in

193 1589 251 1636 sua
274 1573 448 1636 substantia
469 1575 602 1649 durant3
625 1575 681 1636 sed
705 1576 779 1654 quin
801 1573 972 1637 vindicatio
993 1571 1190 1656 singularum
1209 1591 1314 1636 rerum
1329 1573 1397 1635 tieri

147 1669 149 1674 '
195 1691 260 1736 non
276 1670 399 1753 potest,
421 1675 552 1738 arbitrio
575 1676 689 1738 iudicis
713 1676 931 1738 condemnatio
951 1676 1019 1738 fieri
1042 1675 1137 1738 debet
1158 1681 1190 1737 et
1212 1691 1338 1756 semper
1358 1676 1407 1752 is,

194 1776 249 1855 qui
272 1776 304 1836 in
329 1775 421 1856 culpa
445 1783 504 1853 est,
527 1776 620 1839 alteri
644 1777 879 1838 estimationem
901 1775 1004 1839 damni
1026 1781 1177 1856 praestare
1200 1775 1345 1862 debet4).

237 1895 268 1973 ξ.
282 1891 354 1956 338.
400 1890 551 1956 Confusio
574 1898 677 1956 autem
699 1895 731 1954 in
752 1893 848 1970 rebus
873 1891 1002 1974 liquidis
1025 1893 1077 1954 ael
1101 1889 1207 1954 fluidis
1220 1887 1324 1954 locuin
1339 1891 1398 1953 hc-

194 1991 269 2066 bet3
293 2007 363 2072 quae
385 1995 455 2055 sive
478 2011 565 2069 casu,
589 1995 657 2057 sive
681 1993 845 2058 voluntate
868 1995 1062 2058 dominorum
1079 1994 1217 2057 consusae
1232 1993 1398 2071 utriusque

151 2103 154 2108 ·
195 2105 375 2156 communes
398 2099 483 2155 sunt.
527 2095 559 2157 Si
581 2111 659 2158 vero
682 2095 763 2157 alter
785 2091 981 2158 solummodo
1010 2093 1205 2156 dominorum
1234 2107 1288 2154 eas
1319 2107 1398 2154 con-

195 2192 326 2270 fuderit,
350 2207 468 2275 resque
490 2195 627 2258 diverse
649 2195 768 2257 fuerint
789 2201 879 2258 antea
902 2195 1041 2276 speciei,
1067 2193 1167 2257 vetuti
1189 2197 1216 2256 si
1237 2197 1344 2258 vinum
1368 2200 1399 2256 et

196 2299 330 2370 acetum,
355 2293 408 2356 vel
432 2294 568 2356 diversae
585 2294 743 2376 qualitatis
757 2297 829 2358 vina
854 2297 943 2358 rnista
960 2295 1088 2372 fuerint,
1112 2296 1150 2371 is,
1173 2295 1227 2376 qui
1245 2293 1398 2367 confudit,

195 2389 429 2474 novesspeciat
451 2394 596 2458 dominus
620 2396 765 2458 efficitur.
809 2398 842 2460 Si
864 2413 917 2460 ros
937 2396 1079 2458 eiusdem
1095 2395 1213 2476 speciei
1228 2402 1302 2458 sunt
1316 2413 1396 2459 con-

195 2495 292 2573 iusae,
326 2513 382 2558 sua
406 2498 533 2576 utrique
557 2499 715 2576 quantitas
738 2503 957 2560 conservatur.
1001 2497 1034 2562 Si
1063 2513 1145 2560 nove
1178 2499 1303 2577 species
1336 2511 1399 2558 non

196 2595 294 2658 tuerit
314 2598 396 2660 facta
420 2603 451 2659 et
471 2615 525 2660 res
547 2600 688 2679 separari
709 2599 841 2679 possint,
864 2604 999 2678 uterque
1020 2612 1085 2661 suae
1105 2597 1399 2660 meteriaedominus

196 2703 319 2772 manet;
344 2699 371 2761 si
396 2713 474 2760 vero
496 2715 558 2760 non
581 2704 715 2778 possunt
735 2701 887 2778 separari,
914 2715 1093 2762 communes
1109 2713 1182 2762 esse
1195 2697 1348 2779 incipiunt
1359 2697 1399 2785 ⁶).

241 2820 271 2897 ξ.
285 2813 358 2880 339.
403 2815 548 2896 Denique
570 2831 628 2896 per
649 2815 915 2896 specificationum,
940 2819 974 2877 ut
988 2815 1098 2879 dicere
1111 2815 1260 2891 solemus,
1282 2813 1322 2892 ei,
1347 2813 1403 2894 qui

201 2917 334 2979 alienam
356 2921 516 2982 materiem
540 2919 571 2980 in
595 2935 708 2982 novam
731 2920 869 3000 speeiem
882 2919 1104 2995 immutaverit,
1127 2915 1296 2980 dominium
1309 2925 1402 2975 nove

199 3022 249 3083 rei
262 3021 448 3100 aequiritur.
494 3015 570 3080 Cum
584 3019 666 3080 inter
678 3021 822 3081 veterum
836 3018 1134 3082 Iurisconsultorunr
1147 3013 1272 3081 scholas
1289 3029 1400 3096 magna

197 3123 255 3184 trec
278 3121 317 3184 de
339 3139 375 3183 ra
398 3126 484 3183 esset
507 3119 743 3196 controversia,
766 3137 839 3181 num
861 3137 944 3183 nova
964 3119 1063 3182 fornia
1082 3135 1120 3181 en
1142 3117 1272 3181 materia
1295 3117 1401 3196 potior

198 3226 303 3297 esset,
335 3220 526 3282 lustinienus
550 3219 682 3282 mediam
704 3221 894 3283 sententiam
915 3225 1046 3282 secutus
1066 3219 1246 3281 constituit:
1267 3221 1303 3278 ut
1322 3217 1349 3278 si
1362 3233 1403 3278 ex

198 3320 267 3384 sola
295 3320 400 3382 aliena
427 3323 556 3383 materia
585 3337 667 3382 nova
690 3319 813 3401 species
842 3326 928 3383 esset
959 3319 1058 3396 iacta,
1090 3333 1160 3399 quae
1182 3319 1214 3380 in
1238 3317 1401 3399 pristinam

199 3421 329 3484 formam
351 3421 462 3483 reduci
484 3437 547 3483 non
571 3421 696 3502 posset,
719 3421 848 3482 materie
874 3420 1004 3483 sormam
1027 3423 1235 3500 sequeretur,
1265 3422 1401 3480 et'nova

198 3517 322 3601 species
353 3523 382 3583 ei
415 3522 656 3600 acquireretur,
687 3521 742 3599 qui
772 3539 839 3583 eam
868 3521 929 3582 sibi
951 3521 1192 3601 composuisset.
1237 3519 1269 3582 Si
1291 3516 1402 3579 reduci

198 3628 318 3704 posset,
344 3623 504 3684 materiam
527 3639 599 3684 esse
628 3622 781 3708 potiorem
804 3621 916 3684 votuit.
961 3621 1050 3694 Quod
1077 3622 1104 3684 si
1129 3620 1241 3702 purtim
1262 3635 1302 3680 ex
1323 3634 1403 3698 pro-

199 3725 279 3804 pria,
303 3723 415 3803 partim
440 3741 480 3785 ex
501 3722 603 3785 aliena
626 3723 755 3784 materia
777 3737 858 3785 nova
880 3723 1005 3802 species
1029 3726 1116 3784 esset
1132 3721 1316 3800 composita,
1337 3723 1402 3780 turn

199 3840 326 3904 semper
348 3840 419 3885 eum
441 3823 597 3900 dominum
620 3837 703 3901 esse,
728 3822 899 3904 imperator
915 3822 1077 3904 ptaeoepit,
1101 3817 1156 3902 qui
1169 3835 1236 3882 earn
1258 3815 1402 3894 iecisset,

234 4133 262 4201 1)
281 4135 324 4189 Fr.
345 4135 429 4199 26.§.
454 4138 477 4192 1.
495 4141 529 4191 Ι).
548 4139 574 4190 h.
593 4145 612 4191 t.
636 4141 668 4190 ir.
688 4138 730 4192 23.
755 4137 778 4198 ἓ.
797 4136 821 4189 5.
840 4140 874 4190 D.
893 4135 919 4201 6,
938 4137 953 4190 1
974 4133 1023 4204 (tit.
1043 4131 1106 4202 cit).
1134 4137 1164 4188 ir.
1185 4133 1228 4188 19.
1254 4134 1277 4194 1.
1298 4131 1403 4188 1e.14.

198 4205 242 4262 20.
260 4212 294 4260 D.
313 4207 356 4273 33,
376 4138 456 4276 2115
476 4227 542 4263 euro
563 4209 693 4278 argento).
999 4221 1005 4232 s

233 4278 262 4345 o)
281 4281 325 4332 ar
345 4278 387 4332 77.
409 4283 432 4341 s.
453 4281 478 4334 2
499 4279 530 4334 n
550 4283 576 4335 n.
596 4290 615 4334 s.
715 4278 743 4348 3)
764 4276 949 4340 §.onear
969 4280 1006 4330 rb.
1027 4273 1299 4338 (sanctiate.

232 4349 306 4418 4.)§
326 4349 368 4403 28
387 4351 465 4406 Lib
484 4353 516 4406 ir.
536 4350 560 4405 5.
579 4371 618 4421 pr.
639 4347 670 4400 1).
690 4351 715 4415 6,
734 4349 815 4418 1(de
836 4369 857 4403 r.
876 4346 929 4417 r.);
954 4350 1016 4402 vide
1036 4357 1136 4414 temen,
1157 4351 1187 4401 ir.
1210 4345 1253 4402 76.
1274 4345 1405 4414 o.to,u

199 4422 245 4490 (de
264 4421 436 4491 solutionib..)

234 4490 305 4558 5)§.
324 4491 367 4547 27.
387 4497 408 4547 1.
426 4497 453 4549 h.
472 4501 490 4547 t.
508 4493 580 4547 ir.3
582 4492 630 4553 ἓ
650 4491 675 4545 2
693 4495 724 4544 t'r.
743 4490 768 4543 5.
788 4490 812 4552 ἓ.
830 4489 855 4544 1.
873 4487 1074 4556 D.d‚1(ots.).
1092 4487 1160 4544 rat.
1179 4488 1202 4550 6.
1220 4485 1246 4541 8.
1264 4488 1404 4544 9.D.h.t.
