3082 4976
191 339 232 394 Π
720 342 866 380 saaraim.

133 475 139 484 ’
185 489 334 548 veterum
354 479 534 566 fragmenta
565 497 608 542 ox
635 477 714 542 iuris
737 474 874 542 fontibus
915 473 1105 562 deprompta
1139 475 1272 560 apposui
1283 521 1294 556 ,
1329 475 1388 540 sed

191 582 286 648 etiam
308 580 454 646 ordinem
475 580 509 642 in
530 575 604 645 Gaii
627 587 658 644 11
675 574 838 642 Iustiniani
857 572 1109 640 institutionibus
1132 584 1297 662 receptum
1322 595 1388 640 ser-

189 682 272 766 vavi,
297 702 434 766 eumque
458 705 496 750 ea
515 681 638 746 ratione
656 688 778 745 tantum
808 677 992 760 emendavi,
1022 700 1083 763 qua
1111 677 1291 744 novissimis
1311 679 1390 743 iuris

189 784 311 849 romani
336 791 367 848 11
387 791 532 850 accurata
553 781 630 846 iuris
653 789 752 845 artem
765 786 853 844 reete
865 775 1019 844 tractandi
1039 779 1209 845 methodus
1229 779 1310 845 illud
1331 802 1389 867 po-

190 883 302 970 poscit.
344 881 382 948 In
405 883 454 948 his
476 891 583 948 tamen
605 905 624 946 a
644 879 721 944 iuris
736 879 859 946 romani
879 883 1083 967 systematice
1095 881 1250 946 tractandi
1267 881 1390 946 ratione

191 985 226 1048 in
239 980 411 1049 Germania
430 982 544 1048 usitata
563 979 692 1059 recessi,
719 979 878 1066 quoniam,
902 979 1015 1045 utiam
1035 982 1068 1043 in
1086 980 1177 1046 tertia
1200 1003 1390 1044 1111111111-

190 1107 256 1148 1111
280 1107 410 1147 urrann
434 1081 573 1147 editione
593 1081 713 1162 monui,
739 1080 792 1165 qui
814 1101 853 1145 11
874 1079 971 1145 modo
994 1080 1043 1144 ius
1068 1081 1161 1146 civile
1173 1081 1389 1168 digesserunt,

189 1207 256 1250 non
276 1205 348 1248 raro
372 1183 457 1249 illud
481 1183 572 1270 quasi¹
594 1181 785 1246 dilacerasso
807 1189 839 1245 11
861 1180 1037 1266 genuinam
1069 1181 1136 1246 eius
1166 1182 1300 1246 formam
1323 1203 1391 1247 cor·
1415 1226 1416 1230 =

193 1283 320 1372 rupisse
340 1283 418 1348 mihi
439 1283 596 1348 videntur.
639 1281 739 1346 Movit
760 1303 812 1348 me
833 1281 914 1346 illud
938 1303 1081 1368 quoquo,
1112 1283 1199 1368 quod
1226 1305 1314 1370 saepe
1336 1306 1391 1348 ex-

160 1444 163 1450 .
192 1393 304 1470 portus
326 1406 408 1464 sum,
431 1383 508 1447 iuris
531 1377 677 1448 discendi
702 1383 882 1464 studiosos,
910 1383 1073 1470 perceptis
1095 1383 1157 1448 alio
1180 1385 1294 1450 ordine
1314 1383 1391 1449 iuris

192 1475 317 1550 romani
341 1482 526 1566 elementis,
553 1505 618 1546 non
640 1482 709 1548 sino
731 1504 848 1569 magno
872 1482 984 1548 labore
1005 1481 1090 1568 ipsas
1111 1481 1276 1548 Iustiniani
1301 1483 1392 1550 lnsti-

193 1585 331 1650 tutiones
351 1605 449 1671 posse
470 1583 665 1670 intelligere.
710 1581 775 1662 Qui
795 1604 911 1646 novam
933 1581 1015 1647 hanc
1042 1581 1117 1648 libri
1137 1581 1201 1647 moi
1232 1585 1392 1648 recensio-

193 1707 270 1750 nem
295 1707 366 1749 eum
384 1684 589 1772 praecedente
601 1685 669 1750 eius
692 1684 832 1749 editione
848 1683 1193 1769 compararevoluerit,
1207 1683 1300 1748 facile
1317 1705 1391 1770 cog-

195 1795 315 1866 noscet,
337 1805 389 1850 me
400 1784 492 1848 illum
506 1807 572 1848 non
583 1783 689 1874 solum
701 1784 945 1872 diligentissime
958 1783 1150 1866 correxisse,
1170 1806 1284 1850 verum
1299 1784 1393 1850 etiam

193 1887 335 1974 plurima
355 1885 391 1949 in
413 1907 451 1951 11
474 1886 645 1952 innovasse
658 1894 689 1952 et
709 1885 910 1972 opinionibus
923 1894 1017 1971 atque
1028 1883 1203 1968 sententiis,
1228 1908 1298 1971 quse
1310 1909 1393 1954 anno

193 1987 408 2054 MDXXXIV
423 2010 508 2052 verce
532 1997 584 2052 aut
609 1989 751 2075 probatae
774 1986 851 2051 milri
872 1986 1083 2068 videbantur,
1109 2007 1161 2050 eas
1183 1987 1393 2067 substituisse,

195 2109 265 2175 quse
288 2089 568 2154 celeberrimorum
592 2087 893 2154 Iurisconsultorum
914 2096 1095 2152 nostrorum
1116 2108 1215 2174 opera
1236 2097 1267 2152 et
1288 2085 1406 2164 studio,

195 2189 338 2255 veriores
362 2199 394 2254 11
414 2189 615 2274 probatiores
638 2211 722 2254 nune
745 2188 865 2254 debent
886 2189 1012 2268 haberi,
1044 2210 1105 2273 qua
1127 2189 1232 2270 inre,
1255 2188 1394 2252 maxime

194 2288 443 2354 illustrissimum
464 2288 666 2370 Sivronrua,
691 2298 722 2354 et
744 2289 989 2356 celeberrimum
1006 2289 1321 2376 Heidelbergensem
1343 2287 1394 2353 Iu-

196 2389 421 2456 risconsultum
443 2416 482 2454 nn
504 2391 703 2473 Vinosaovv,
727 2391 814 2456 ouius
838 2411 937 2478 opere
965 2392 1006 2456 de
1028 2389 1197 2457 Pandectis
1220 2387 1395 2476 composito

195 2490 334 2556 omnium
364 2488 441 2554 iuris
474 2489 574 2554 civilis
603 2490 908 2572 controversiarum,
940 2490 1117 2577 praesertim
1145 2489 1261 2557 saeculo
1283 2497 1393 2554 nostro

193 2591 277 2656 inter
300 2589 482 2656 Germaniae
505 2587 750 2656 Iurisconsultos
774 2591 971 2676 agitaturum,
996 2591 1232 2656 dilucidissime
1265 2590 1393 2677 exposi-
1483 2657 1486 2664 ,
1530 2607 1531 2618 ’

194 2691 297 2756 tiones
320 2699 350 2756 et
370 2712 493 2756 summa
506 2692 604 2757 laude
626 2691 732 2778 dignus
753 2693 928 2759 solutiones
946 2694 1155 2775 continentur,
1177 2702 1321 2758 secutum
1342 2713 1394 2756 me

193 2806 268 2857 'esso
289 2789 454 2877 profiteor.
498 2791 618 2864 Praeter
640 2794 698 2858 hos
719 2803 862 2858 auctores
884 2794 1059 2882 saepissime
1091 2796 1125 2859 in
1146 2794 1391 2861 1111111111-

193 2898 301 2958 meatc
323 2895 406 2958 iuris
427 2897 560 2960 romoni
575 2895 757 2980 provocavi,
781 2917 850 2980 quae
873 2896 1102 2962 eruditissimus
1124 2897 1159 2962 in
1180 2893 1393 2962 Universitate

193 2990 401 3058 Bruxellensi
420 2991 497 3056 iuris
519 2997 642 3058 romani
666 2995 831 3080 professor
854 2995 1001 3060 Oaaonus
1014 2997 1123 3062 Marna
1144 2997 1310 3082 publicare
1333 3021 1393 3062 eoe·

195 3094 253 3180 pit,
274 3095 394 3182 quippe
417 3115 486 3179 quae
510 3094 629 3181 etipsa
650 3095 858 3159 novissimum
880 3097 1019 3163 scientiae
1040 3107 1158 3163 nostrae
1175 3107 1288 3162 statum
1302 3099 1392 3163 exhi-

196 3194 314 3276 bentia,
337 3193 461 3260 Gallica
484 3193 627 3260 oratione
647 3195 823 3279 composita
839 3195 901 3260 sint
912 3197 1051 3282 ideoque
1067 3200 1106 3264 ab
1129 3198 1247 3264 exteris
1271 3199 1393 3264 11111111

198 3295 430 3382 intelligantur,
455 3317 549 3380 quam
567 3295 642 3360 libri
664 3295 741 3362 iuris
768 3297 868 3361 civilis
890 3297 1076 3384 germanice
1098 3297 1217 3385 scripti.

238 3395 302 3478 Ita,
325 3396 461 3484 repetita
490 3397 697 3483 praelectione
719 3396 836 3479 habita,
865 3406 1046 3478 1111111111
1075 3407 1106 3462 11
1129 3399 1311 3464 emendatas
1336 3399 1394 3464 has

202 3518 296 3562 meas·
319 3495 398 3561 iuris
428 3497 551 3562 romani
572 3496 787 3564 institutiones
819 3497 896 3562 iuris
925 3498 1161 3585 professoribus
1192 3507 1222 3562 et
1244 3497 1394 3564 studiosis

201 3597 305 3663 denuo
328 3599 419 3664 trado
445 3606 476 3662 et
498 3619 608 3662 eorum
630 3599 862 3664 benevolentiae
884 3599 996 3666 fidenti
1016 3599 1121 3664 aninso
1145 3598 1345 3664 commendo.

242 3695 364 3783 Scripsi
387 3695 605 3784 stuttgardtice
626 3699 659 3764 in
680 3721 784 3790 regno
800 3701 1094 3789 Wiirttembergioo
1113 3700 1224 3769 Idibus
1243 3697 1393 3771 Octobris

196 3800 270 3868 anni
289 3797 532 3866 MDOOOLIX.

944 3993 982 4072 la
1007 3993 1045 4072 l.
1070 3989 1345 4072 stellulis.
