3064 4966
206 314 259 370 254
527 324 728 363 rnrrrrurrom
746 323 819 364 tunm
839 325 944 364 nonunt
963 325 1084 363 rnrrnrr.

394 460 462 512 utu.
482 461 515 512 ll.
552 463 600 512 DE
617 461 827 514 Lounmorrs
845 463 893 514 BT
913 463 1212 528 CONDUGTIONW).

249 563 280 643 ξ.
291 559 363 624 888.
407 560 533 623 Locatio
547 567 579 624 et
593 561 760 624 conductio
774 564 980 639 contrabitur,
989 565 1016 624 si
1029 566 1081 624 vel
1093 581 1145 625 res
1159 563 1275 624 utenda
1291 563 1407 625 fruen-

206 662 298 738 dave‚
320 661 373 723 vel
395 679 501 741 operae
522 663 717 742 praestandae,
741 662 794 724 vel
818 681 897 744 opus
909 664 1133 744 perficiendum
1147 683 1204 744 pro
1220 671 1306 726 certa
1321 683 1409 749 nper-

205 761 538 843 cede‘promittuntur.
583 763 711 826 Locatio
735 769 766 826 et
789 764 958 826 conductio
982 767 1122 846 proxima
1146 771 1194 826 est
1209 765 1360 846 emptioni
1377 770 1410 824 et
1510 759 1511 784 ³

207 862 399 938 venditioni,
430 863 604 943 iisdemque
629 865 708 926 ioris
730 865 855 948 regulis
876 869 1030 927 consistit.
1075 866 1149 928 Nam
1173 872 1207 926 ut
1229 867 1347 946 emptio
1376 869 1410 924 et

208 964 347 1026 venditio
371 965 412 1025 ita
435 965 643 1041 contrahitur,
668 967 694 1026 si
717 967 757 1027 de
780 969 883 1046 pretio
906 970 1101 1042 convenerit,
1125 968 1171 1028 sic
1193 973 1225 1028 et
1244 967 1359 1028 locatio
1376 969 1410 1024 et

205 1064 372 1127 conductio
393 1066 434 1126 ita
458 1066 603 1128 contrabi
628 1066 829 1148 intelligitur,
855 1069 883 1128 si
906 1085 1028 1129 merces
1051 1072 1221 1131 constituta
1243 1067 1340 1151 sill).

250 1170 280 1249 ξ.
294 1166 364 1230 889.
409 1164 593 1228 Donationis
617 1183 711 1228 causa
736 1166 822 1228 nulla
848 1173 897 1228 est
919 1168 1053 1242 locati03
1082 1171 1108 1230 si
1138 1170 1274 1249 pretium
1299 1167 1409 1227 alieno

205 1269 335 1331 arbitrio
358 1269 544 1348 permissum
567 1267 673 1343 luerit,
696 1268 918 1330 conditionalis
939 1269 1039 1355 θεῖ’).
1073 1269 1194 1332 Merces
1218 1269 1271 1330 vel
1294 1269 1408 1348 pensio

208 1373 238 1432 in
262 1370 394 1450 pecunia
417 1374 577 1430 numerata
601 1374 743 1444 constat3
776 1376 909 1432 attamen
935 1372 1083 1450 praediurn
1107 1375 1147 1433 ita
1171 1377 1275 1451 potest
1298 1370 1409 1445 locari,

206 1477 240 1531 ut
269 1468 423 1532 mercedis
452 1469 523 1532 loco
553 1471 711 1550 quantitas
742 1469 899 1532 fructuum
929 1479 1148 1552 perceptorum
1173 1491 1188 1533 a
1214 1472 1410 1534 conductore

102 1654 110 1662 ·
207 1576 415 1650 praetentum
440 1587 510 1650 quae
533 1574 702 1634 conventio
725 1571 845 1634 colonio
866 1574 1025 1651 partiario
1049 1581 1180 1636 vocatur
1204 1580 1236 1634 et
1257 1591 1334 1634 vora
1356 1571 1409 1632 lo-

206 1675 288 1736 catio
310 1674 531 1737 etconductio
552 1681 612 1751 est,
636 1677 779 1754 quamvis
801 1675 838 1736 ad
860 1677 1046 1738 societatem
1067 1675 1206 1752 accedat,
1228 1691 1298 1736 cum
1315 1673 1410 1736 colo-

206 1789 266 1834 nus
288 1774 475 1853 partiarius,
499 1775 589 1853 quasi
614 1775 776 1836 societatis
798 1777 886 1850 iure,
912 1782 944 1837 et
965 1776 1109 1838 damnum
1138 1781 1168 1837 et
1191 1775 1312 1836 lucrum
1338 1791 1410 1836 cum

207 1877 332 1937 domino
354 1875 441 1937 luridi
465 1875 669 1962 partiatum).
713 1875 878 1952 Pretereo,
904 1878 986 1938 sicut
1007 1878 1107 1964 vulgo
1131 1877 1344 1957 querebatur,
1369 1893 1408 1938 an

206 1979 390 2060 permutatis
410 1977 507 2038 rebus
531 1980 647 2057 emptio
670 1977 811 2039 venditio
842 1982 1060 2050 contrabatur,
1093 1981 1134 2040 ita
1160 1981 1256 2059 quaeri
1284 1977 1410 2042 solebat

96 2075 103 2088 '
208 2079 247 2141 de
271 2079 427 2140 locatione
453 2083 485 2139 et
513 2073 740 2152 conductione,
771 2077 798 2138 si
822 2075 903 2138 forte
932 2096 997 2140 rem
1020 2077 1156 2158 aliquam
1181 2077 1237 2140 tibi
1259 2079 1408 2140 utendam

210 2180 279 2240 sive
302 2179 465 2241 fruendam
488 2181 560 2258 quis
582 2178 724 2253 dederit,
758 2185 788 2239 et
809 2181 943 2241 invicem
966 2200 982 2241 a
1007 2187 1038 2242 te
1061 2179 1151 2243 aliam
1172 2197 1238 2242 rem
1261 2182 1408 2244 utendam

211 2283 280 2344 sive
303 2280 464 2342 lruendam
489 2280 666 2359 acceperit,
691 2285 722 2340 et
744 2279 862 2359 placuit
884 2297 946 2341 non
970 2297 1042 2342 esse
1065 2280 1251 2342 locationem
1274 2288 1306 2342 et
1326 2301 1409 2344 con·
1510 2343 1511 2346 ,

208 2381 397 2458 ductionem,
420 2382 477 2443 sed
498 2381 658 2460 proprium
680 2391 782 2462 genus
807 2397 878 2442 esse
899 2387 1077 2442 contractus
1100 2383 1120 2444 i.
1145 2401 1173 2442 c.
1199 2389 1406 2459 contractum,

207 2499 300 2563 quern
322 2487 446 2556 vocant,
470 2481 694 2542 innominatum
705 2479 745 2564 ⁵).

249 2585 280 2662 ξ.
295 2581 366 2646 890.
411 2581 537 2643 Locatio
561 2586 592 2641 et
614 2579 781 2642 conductio
804 2579 918 2659 triplex
941 2586 999 2654 est,
1021 2581 1067 2640 rei
1082 2577 1215 2658 scilicet,
1238 2597 1406 2661 operarum

209 2688 240 2744 et
260 2684 367 2763 operis
390 2682 568 2744 conductio.
613 2681 647 2742 ln
676 2697 781 2742 rorum
810 2683 984 2760 locatione,
1017 2684 1070 2762 qui
1101 2701 1167 2744 rem
1197 2681 1346 2743 utendam·
1376 2688 1408 2743 et

210 2783 373 2845 fruendam
388 2783 518 2843 daturus
532 2787 591 2857 est,
607 2781 738 2857 locator,
753 2785 807 2861 qui
822 2801 889 2843 cam
905 2785 1018 2863 accipit
1032 2789 1064 2844 et
1074 2787 1250 2848 mercedem
1266 2789 1406 2864 praestat,

208 2885 381 2946 conductor
403 2890 553 2946 vocatur:
576 2886 618 2945 ita
642 2899 768 2964 quoque
791 2885 823 2945 in
848 2901 1013 2964 operarum
1034 2885 1200 2947 locatione.
1244 2885 1302 2957 Qui
1328 2903 1409 2948 vero

208 3005 286 3070 opus
307 2985 550 3048 construendum
573 2987 715 3065 suscipit,
738 2986 939 3047 conductoris
956 2987 1080 3048 nomine
1097 2986 1284 3067 appellatur,
1307 2991 1339 3046 et
1352 2985 1410 3065 qui

207 3090 390 3172 pensionem
413 3085 509 3148 solvit
535 3103 614 3166 opus
636 3086 754 3162 locans,
779 3085 901 3148 locator
923 3085 1048 3147 dicitur.

249 3194 279 3272 ξ.
293 3189 365 3252 891.
408 3185 471 3248 Res
492 3187 591 3248 locari
612 3193 762 3267 possunt,
792 3201 862 3267 quae
885 3203 942 3248 osu
968 3203 1071 3267 neque
1094 3193 1321 3249 consumuntur
1343 3203 1405 3248 ne-

207 3306 269 3372 que
291 3289 483 3362 minuuntur,
508 3293 568 3349 tam
591 3288 773 3368 corporales
796 3303 887 3367 quom
908 3288 1135 3368 incorporales,
1158 3306 1228 3368 quae
1247 3294 1279 3350 et
1295 3305 1408 3350 usum-

208 3395 344 3454 fructum
369 3395 400 3450 et
422 3405 511 3450 usum
534 3388 741 3474 recipiuntt).
1259 3449 1261 3452 ,

250 3489 362 3552 Praedii
387 3491 496 3550 rustici
528 3488 702 3550 conductor
730 3489 876 3564 colonus,
909 3489 1020 3550 adium
1044 3507 1122 3552 vero
1145 3490 1318 3570 inquilinos
1345 3507 1409 3552 vo—

210 3597 298 3654 catur
313 3589 348 3671 7).
392 3585 483 3650 Facta
506 3587 560 3649 illa
583 3591 701 3648 tantum
725 3593 811 3650 recte
835 3589 989 3666 locantur,
1014 3605 1083 3670 quae
1104 3591 1201 3652 locari
1215 3591 1319 3653 solent
1341 3593 1362 3652 i.
1377 3606 1406 3652 e.

211 3708 280 3770 quae
303 3691 405 3770 pretio
429 3691 629 3751 estimantur.
675 3691 762 3764 Quod
787 3693 814 3753 si
836 3693 897 3754 tale
920 3695 962 3754 sit
985 3693 1108 3770 factum,
1133 3695 1215 3774 quod
1231 3695 1329 3756 locari
1346 3711 1408 3755 non

209 3791 307 3867 solet,
332 3796 405 3870 puta
428 3797 462 3852 ut
484 3809 610 3852 servum
635 3795 845 3870 manumittas,
870 3799 1048 3855 contractus
1071 3795 1280 3857 innominatus
1306 3794 1406 3879 esur).

208 3901 406 3912 -Ἣ

245 3934 273 4002 1)
294 3938 315 3986 Ι.
333 3935 359 3999 3,
378 3935 412 3986 94
431 3937 478 3998 (de
497 3940 633 3990 locatione
651 3945 679 3990 et
696 3938 894 4003 conductione).
914 3942 946 3991 D.
964 3939 1008 4003 19,
1025 3940 1042 3991 9
1061 3939 1155 4004 (locati
1173 3936 1318 4005 conducti).
1342 3939 1408 3992 Ood.

208 4006 235 4073 4,
254 4004 289 4059 65
308 4005 355 4072 (de
371 4008 460 4058 locato
479 4015 505 4061 et
523 4011 677 4077 conducto).
699 4013 757 4063 Gai.
777 4011 801 4063 3.
821 4011 843 4070 ἓ.
864 4009 1022 4062 rra-147.
1062 4011 1164 4078 Mcpme
1184 4011 1224 4072 §§.
1245 4009 1408 4064 tus-302.

244 4079 273 4143 ⁶2)
294 4081 336 4128 Pr.
357 4079 377 4129 1.
396 4079 422 4128 h.
441 4085 459 4130 t.
561 4077 588 4145 3)
610 4081 632 4140 ἓ.
654 4083 677 4136 1.
696 4085 716 4134 Ι.
737 4085 761 4134 h.
782 4088 800 4134 i.
823 4085 854 4132 fr.
874 4080 915 4135 96.
934 4098 974 4149 pr.
993 4085 1026 4134 D.
1049 4085 1110 4134 eod.

242 4148 271 4214 4)
290 4149 334 4200 Fr.
354 4146 395 4201 96.
415 4149 438 4209 §-
457 4149 481 4201 6.
500 4153 533 4201 D.
555 4153 581 4202 h.
600 4157 618 4202 t.
720 4152 748 4219 5)
769 4154 790 4213 §-
810 4154 916 4206 9111.
936 4159 954 4204 t.
1054 4211 1056 4214 ,

244 4219 271 4284 6)
291 4223 353 4287 Arg.
379 4222 409 4271 fr.
434 4221 475 4272 19.
496 4222 518 4279 ἓ.
538 4221 612 4274 911.
632 4223 673 4276 38.
699 4227 732 4276 D.
750 4223 776 4289 7,
797 4224 809 4276 1
835 4223 881 4290 (do
902 4223 1006 4290 osuin).
1031 4229 1063 4276 ir.
1083 4222 1107 4276 9.
1133 4227 1160 4276 in
1178 4226 1196 4274 f.
1214 4224 1246 4272 fr.
1268 4220 1294 4273 8.
1314 4237 1354 4286 pr.
1374 4221 1410 4270 D.

208 4291 235 4430 ἶ,
252 4290 270 4344 8
290 4291 336 4358 (de
357 4307 407 4429 us)u
426 4298 452 4343 et
470 4293 654 4362 habitatione).
693 4298 804 4349 Venatio
823 4297 907 4347 locari
925 4302 1012 4363 potest
1030 4299 1092 4364 Arg.
1111 4299 1143 4348 lr.
1162 4295 1188 4347 3.
1207 4293 1230 4353 §-
1250 4291 1274 4343 6-
1294 4289 1411 4354 11¹3,ss

224 4364 406 4418 commodati.

244 4432 272 4499 7)
290 4437 333 4486 Fr.
352 4432 394 4487 24.
414 4433 437 4494 6.
458 4433 482 4486 1.
502 4434 526 4484 9.
545 4433 571 4485 4.
589 4439 619 4486 fr.
641 4434 683 4490 25.
704 4438 727 4498 §-
747 4433 771 4488 1.
793 4437 817 4490 9.
835 4440 868 4488 D.
887 4440 913 4489 h.
932 4445 949 4490 t.

244 4505 272 4569 8)
293 4507 336 4556 Fr.
355 4503 379 4558 5.
401 4505 424 4566 §-
445 4505 469 4559 2.
489 4509 521 4556 l).
543 4505 585 4570 19,
606 4504 688 4571 bide
705 4524 795 4576 praeso.
813 4506 908 4574 verb).
929 4511 961 4560 V.
981 4525 1061 4577 supra
1079 4507 1103 4569 ἓ.
1123 4508 1183 4562 861.
