3082 4976
428 1069 1010 1239 ansuruouronns

251 1338 256 1344 ’
322 1343 495 1458 ulnis
540 1349 788 1462 nonani
830 1351 1112 1464 rnlvnur.

624 1630 823 1642 ————.

483 1797 965 1892 INTRODUGHO.

203 2077 219 2110 a
667 2044 734 2108 oli.
754 2046 775 2107 l.

253 2185 512 2254 omnnium
532 2189 594 2255 nn
617 2191 805 2258 maruan
826 2193 944 2261 roais
969 2193 1203 2263 ramorum.
1278 2160 1281 2168 ’

441 2346 508 2399 mr.
528 2347 548 2398 1.
585 2335 633 2398 nri
654 2347 740 2400 roan
760 2349 807 2400 nu
826 2348 1015 2416 mammon).

169 2466 200 2546 ξ.
215 2465 244 2528 1.
289 2485 471 2542 ourcuaooc
486 2481 521 2526 se
536 2462 575 2524 ad
591 2463 845 2546 cognoscendam
860 2465 938 2526 iuris
954 2463 1149 2545 disciplinam
1164 2469 1212 2526 est
1223 2463 1328 2545 appli-

124 2571 272 2641 caturus,
306 2581 376 2626 cum
399 2571 471 2626 anta
500 2565 601 2626 omnia
623 2581 719 2626 nossa
743 2570 885 2646 oportet,
917 2565 992 2646 quid
1021 2568 1062 2627 sit
1083 2567 1151 2641 ins,
1182 2569 1213 2625 et
1235 2579 1326 2644 qoam

124 2663 293 2745 multiplex
307 2669 349 2729 sit
363 2667 457 2728 liuius
472 2666 562 2730 verbi
583 2665 784 2749 significatio.
818 2666 893 2740 Quae
905 2674 961 2729 'res
982 2683 1051 2728 cum
1070 2666 1199 2730 multum
1214 2665 1328 2728 habeat

125 2765 334 2844 difficultatis,
358 2769 390 2830 in
412 2785 450 2830 ea
472 2767 648 2831 delinienda
671 2769 848 2830 accuratius
865 2767 956 2830 nobis
973 2768 1032 2829 erit
1046 2767 1245 2831 versandum.
1279 2767 1326 2828 Ac

124 2868 259 2948 primum
281 2867 408 2948 quidam
432 2871 481 2930 ius
505 2868 586 2954 ialam
610 2875 658 2930 cst
681 2873 777 2948 atquc
800 2866 932 2930 facultas
957 2867 1092 2930 faciendi
1119 2866 1250 2948 aliquid,
1274 2866 1326 2928 vel

125 2972 268 3048 potestas
290 2969 395 3050 aliqua
418 2971 450 3031 in
474 2969 570 3031 rebus
595 2969 647 3031 vel
675 2971 833 3050 personis.
879 2968 931 3031 lus
963 2975 1027 3031 tum
1050 2970 1080 3031 ei
1102 2984 1174 3032 esse
1203 2967 1329 3041 dicitur,

127 3070 183 3148 qui
207 3069 240 3130 in
262 3071 390 3132 civitate
411 3072 578 3132 constituta
602 3069 755 3132 eiusmodi
783 3069 931 3132 facultate
954 3069 997 3131 ita
1018 3069 1118 3132 libere
1142 3068 1188 3129 uti
1211 3069 1328 3147 potest,

128 3174 166 3230 ut
190 3187 262 3232 enm
284 3170 468 3252 reipublicae
491 3172 695 3253 magistratus
719 3178 877 3248 tueantur,
900 3171 1129 3234 etauctoritate
1152 3185 1207 3230 sua
1222 3171 1329 3229 contra

127 3273 392 3334 contrectantium
415 3277 546 3334 conatus
569 3271 787 3360 defenderim).
833 3271 889 3348 lta,
913 3273 966 3352 qui
990 3277 1126 3334 nostram
1142 3266 1330 3352 profitentur

127 3368 321 3448 doctrinam,
343 3373 422 3434 iuris
444 3389 557 3434 nomen
582 3365 720 3455 intelligi
741 3370 869 3446 volunt;
900 3389 980 3448 cum,
1004 3373 1032 3434 si
1062 3370 1100 3432 dc
1123 3367 1225 3430 ethica
1249 3365 1327 3428 iuris

127 3469 360 3553 significatione
384 3491 488 3536 sermo
510 3479 576 3549 est,
602 3475 650 3534 ius
673 3475 741 3535 sive
764 3476 879 3536 iustum
901 3473 979 3537 illud
1003 3475 1063 3550 sit,
1094 3469 1216 3550 quoda
1240 3471 1326 3530 recta

127 3573 263 3634 hominis
287 3574 479 3637 conscicntia
502 3579 537 3635 ut
557 3573 691 3650 bonum,
724 3593 800 3656 arga
822 3573 902 3637 alios
927 3574 1044 3637 licitum
1067 3569 1219 3652 probatur
1247 3569 1329 3632 iisvc

128 3671 269 3736 debitum
293 3673 436 3737 hahetur.

173 3773 248 3856 ὅθ.
294 3774 376 3838 luris
398 3793 532 3857 quoque
557 3777 690 3840 facultas
717 3795 734 3839 a
757 3775 883 3856 publica
913 3775 1099 3838 auctoritate
1131 3768 1330 3852 comprobata

129 3879 226 3954 atque
248 3873 367 3937 firmata
393 3882 453 3956 est,
476 3882 508 3941 et
529 3883 697 3957 propterea
719 3876 757 3938 ab
782 3877 944 3952 omnibus,
968 3876 1021 3955 qui
1047 3875 1080 3937 in
1103 3873 1230 3936 civitate
1252 3886 1330 3932 ver-

129 3979 250 4050 santur,
273 3975 314 4037 iia
339 3977 489 4058 agnosci,
512 3977 726 4056 inviolataque
749 3978 873 4038 servari
898 3975 1002 4051 debet,
1026 3979 1060 4034 nt
1085 3972 1117 4035 hi
1141 3969 1331 4034 necessitate

131 4073 266 4154 quadam
289 4080 321 4136 et
343 4075 448 4138 oliioio
470 4075 719 4160 adstringantur,
743 4095 805 4157 quo
821 4076 865 4152 lit,
888 4083 922 4138 ut
936 4076 1060 4157 quoties
1076 4075 1107 4135 in
1125 4073 1223 4134 altera
1241 4074 1331 4149 parte

130 4175 180 4236 lus
203 4175 393 4253 invenimus,
417 4179 448 4238 in
470 4174 570 4239 altera
595 4179 673 4240 iuris
689 4176 849 4240 vinculum
865 4194 922 4238 seu
939 4176 1016 4240 iuris
1032 4174 1168 4237 ollrcium
1186 4186 1258 4254 esse
1280 4167 1331 4230 di-

133 4310 331 4325 Ἦ

166 4374 193 4444 1)
214 4378 279 4430 lust.
299 4379 367 4443 1,1.
404 4382 467 4448 Dig.
488 4380 512 4443 1,
535 4377 550 4430 1
573 4379 620 4446 (dc
640 4381 739 4434 iustitia
758 4387 784 4434 ct
801 4381 878 4448 iurel·
1281 4439 1284 4444 ,

166 4446 195 4514 2)
213 4450 282 4503 run·
301 4452 463 4504 vccabulum
484 4452 537 4502 hoc
557 4467 636 4505 sensu
655 4452 818 4506 intellectum
838 4456 881 4506 lus
892 4454 921 4504 ln
939 4467 1020 4504 sensu
1032 4447 1181 4499 subleonvo
1198 4445 1251 4494 te.
1271 4442 1333 4493 sub·

133 4519 228 4571 lectiae
246 4525 334 4575 sumto
352 4521 478 4589 lnslgnlm
498 4521 581 4575 hodie
602 4522 701 4576 dicuat

1134 4609 1148 4659 1
