3064 4966
564 356 644 394 ιιιιιι
665 357 707 396 ru.
727 356 785 394 cnr.
803 356 841 393 iv.
1254 344 1306 400 257
1420 387 1421 390 ,
1499 394 1503 409 ,

106 487 238 551 heredis
261 485 305 548 nil
325 487 474 560 interest,
498 501 568 546 eum
591 483 715 564 placitis
740 490 842 561 stare,
865 485 1011 566 compelli
1033 503 1096 548 non
1117 490 1239 565 potest,
1273 489 1308 544 ut

104 588 283 650 contractui
305 586 424 649 diutius
445 590 564 666 pareat.
609 585 671 648 Sed
692 604 708 647 a
726 603 809 648 novo
823 585 949 648 domino
964 586 1117 667 expulsus
1134 585 1307 648 conductor

105 707 178 752 curn
192 687 360 750 venditore
372 686 424 748 vel
439 685 558 748 herede
574 686 668 748 habet
683 688 848 763 actionem,
869 693 904 747 ut
920 687 1074 748 indemnis
1088 691 1257 766 praestetur
1269 685 1306 772 ¹).

148 809 179 886 §-
195 804 267 869 899.
312 803 371 876 Qui
395 801 434 865 ad
456 807 576 864 certum
598 808 719 884 teinpus
743 802 902 881 conduxit,
925 803 1093 884 aliquando
1115 803 1202 869 linito
1217 808 1308 868 etiam

104 911 249 986 tempore
272 903 405 967 colonus
434 909 488 965 aut
515 903 689 984 inquilinus
725 903 925 987 intelligitur.
971 905 1002 968 Si
1026 907 1107 968 enirn
1136 908 1167 968 in
1190 905 1308 987 praedio

103 1011 251 1068 remanet
273 1010 304 1067 et
326 1004 471 1067 dominus
491 1005 610 1084 patitur
631 1005 663 1066 in
686 1004 783 1067 tundo
805 1023 894 1080 esse,
926 1006 1017 1068 tacita
1042 1006 1196 1069 relocatio
1225 1010 1310 1069 inter

104 1124 164 1170 eos
186 1111 346 1168 contracta
369 1106 522 1187 accipitur
534 1103 573 1191 ²).
619 1104 707 1178 Quod
731 1111 833 1168 autem
862 1105 977 1168 dictum
1001 1113 1067 1185 est,
1098 1108 1309 1170 taciturnitate

105 1209 277 1288 utriusque
298 1208 398 1288 partis
418 1205 565 1268 colonum
582 1205 811 1268 reconduxisse
826 1205 939 1284 videri,
962 1208 1005 1270 ita
1019 1207 1233 1288 accipiendum
1250 1212 1309 1284 est,

103 1315 142 1371 ut
163 1310 233 1390 ipso
254 1327 347 1385 anno,
372 1325 434 1389 quo
456 1312 633 1383 tacuerunt,
657 1306 824 1368 videantur
844 1307 975 1370 eandem
998 1307 1187 1377 locationem
1210 1323 1309 1370 reno-

104 1427 214 1487 vasse,
237 1411 415 1471 nonetiam
438 1410 470 1470 in
492 1407 699 1488 sequentibus
724 1409 825 1484 annis,
848 1410 970 1471 etiamsi
984 1408 1224 1472 lortasse'initio
1239 1409 1310 1470 lus-

104 1518 191 1574 trum
220 1515 287 1572 erat
317 1509 519 1572 conductioni
550 1511 770 1590 prestitutum.
815 1509 853 1570 Et
875 1510 936 1586 ito,
969 1508 1044 1571 licet
1065 1509 1207 1572 secundo
1229 1527 1310 1572 anno

104 1617 181 1694 post
203 1612 335 1673 lustrum
356 1613 582 1686 remanserint,
612 1627 651 1671 eo
680 1610 750 1690 ipso
774 1627 855 1672 anno
876 1609 1104 1672 reconduxisse
1125 1593 1330 1671 creduntur.-

106 1714 142 1776 ln
167 1712 298 1774 urbanis
320 1715 423 1773 autem
446 1709 574 1790 praediis
604 1708 667 1772 alio
697 1711 767 1772 iure
789 1709 917 1772 llonrani
941 1712 1127 1786 utebantur,
1156 1715 1191 1771 ut
1217 1718 1311 1793 prout

106 1816 247 1896 quisque
272 1811 474 1887 habitaverit,
495 1811 537 1872 ita
560 1809 769 1892 obligaretur,
794 1812 855 1872 nisi
879 1817 998 1873 certum
1022 1817 1146 1891 tempus
1168 1811 1311 1874 conduc-

105 1916 205 1978 tionis
228 1905 407 1993 inscriptis
429 1913 690 1993 comprehensum
710 1913 845 2001 essctt).

155 2035 186 2115 ξ.
200 2031 272 2096 900.
318 2029 521 2092 contrahitur
551 2028 666 2092 locatio
695 2033 727 2092 et
760 2028 928 2092 conductio
947 2029 1103 2091 interdum
1125 2029 1187 2093 alio
1209 2031 1313 2108 modo,

106 2151 203 2215 quarn
230 2149 293 2212 quo
318 2129 417 2214 vulgo
441 2130 509 2193 ficri
531 2119 630 2206 sole't3
656 2148 719 2211 quo
742 2131 824 2193 facto
847 2129 991 2192 hodierni
1010 2131 1313 2210 irrecutcremloca-

106 2235 228 2296 tionem
258 2231 370 2294 adesse
395 2231 516 2308 dicunt,
558 2230 624 2293 Hoc
653 2232 827 2312 praesertim
858 2229 991 2308 accidit,
1027 2249 1096 2294 cum
1125 2233 1172 2293 rei
1202 2231 1314 2294 locate

107 2335 281 2399 dominium
303 2334 335 2394 in
358 2332 581 2396 conductorem
606 2331 796 2393 transfertur
827 2337 858 2392 et
887 2349 940 2393 res
971 2335 1039 2394 eius
1067 2331 1211 2412 periculo
1241 2349 1313 2394 esse

106 2436 233 2517 incipit.
278 2433 440 2496 Eiusmodi
462 2439 641 2496 contractus
665 2451 727 2500 non
751 2433 851 2494 solum
873 2438 937 2493 tum
961 2435 1068 2510 initur,
1093 2449 1161 2494 curn
1186 2449 1237 2494 res
1262 2433 1314 2496 lo-

109 2543 190 2602 catae
211 2535 373 2596 oectimutoe
395 2534 563 2596 traduntur
585 2533 811 2621 conductoril)
843 2532 932 2595 velut
959 2536 1199 2624 instrumentum
1224 2533 1314 2596 iundi

109 2637 254 2702 oestimati
267 2636 316 2723 ⁶):
342 2652 452 2699 verum
470 2637 561 2698 etiarn
573 2636 600 2698 si
612 2652 676 2711 res,
700 2652 769 2714 quae
782 2651 924 2710 numero,
946 2635 1087 2714 pondere
1113 2641 1145 2696 et
1166 2651 1314 2696 mensuro

108 2743 274 2815 constant,
300 2737 400 2800 veluti
423 2737 611 2800 frumentum
635 2737 676 2798 ita
705 2735 802 2820 (iorte
824 2740 909 2796 trans
936 2754 1020 2798 mare
1045 2737 1238 2821 vehendum)
1263 2735 1338 2800 lo-'

111 2845 244 2915 cantur,
269 2843 305 2898 ut
327 2837 365 2899 ab
388 2839 564 2918 accipiente
584 2828 765 2900 tantundem
789 2836 929 2899 eiusdem
954 2825 1083 2920 generis
1104 2856 1142 2900 eo
1164 2837 1226 2900 loci
1241 2857 1316 2902 res-

109 2945 257 3006 tituatur.
302 2939 337 3002 ln
364 2937 517 3003 eiusmodi
540 2943 642 3003 tamen
666 2955 759 3000 causa
784 2938 986 3001 nihilominus
1009 2937 1103 3002 locati
1123 2942 1209 3004 actio·
1226 2959 1315 3004 com-

109 3045 211 3125 petit,
245 3043 320 3105 licet
342 3048 499 3105 mercator
521 3041 711 3103 frumentum
740 3041 782 3102 ita
815 3039 918 3102 dando
945 3041 977 3102 in
999 3041 1152 3102 creditum
1173 3043 1238 3104 isse
1262 3044 1315 3104 vi-

109 3143 279 3233 deaturt).

158 3263 189 3345 ξ.
206 3261 279 3326 901.
325 3221 464 3342 Species⁵
477 3260 643 3323 locationis
666 3263 698 3320 et
729 3257 946 3320 conductionis
978 3263 1047 3333 cst,
1078 3259 1105 3318 si
1137 3265 1316 3322 contractus

111 3361 440 3443 emphythcuticarius
465 3360 660 3425 contrahitur
680 3359 701 3420 i.
725 3377 753 3420 e.
776 3359 803 3420 si
825 3363 980 3439 perpetuo
1001 3375 1054 3419 res
1073 3357 1189 3418 utenda
1207 3356 1316 3430 datur;

112 3479 187 3524 cum
210 3460 337 3524 dubium
359 3467 456 3539 esset,
479 3467 583 3524 utrum
606 3461 658 3522 hic
680 3464 860 3522 contractus
881 3476 939 3540 pro
962 3457 1119 3520 locatione
1135 3462 1222 3518 essct
1237 3473 1317 3518 con-

151 3732 243 3859 ἔω.
263 3732 351 3860 1225.
372 3737 399 3790 1.
417 3740 449 3790 ir.
470 3734 514 3789 3⁸2.
532 3737 565 3788 D.
583 3737 610 3788 h.
630 3741 649 3788 t.
667 3737 713 3788 cfr.
732 3741 823 3790 tamen
840 3751 862 3786 c.
881 3733 906 3786 9.
923 3731 952 3786 0.
971 3731 999 3784 h.
1016 3737 1035 3783 t.

201 3807 244 3859 Fr.
299 3846 306 3859 .
325 3811 357 3860 D.
381 3811 408 3862 h.
427 3814 445 3860 t.

153 3803 183 3944 3))
203 3881 244 3931 Ita
262 3881 319 3933 fere
337 3881 473 3948 Ulpianus
486 3882 515 3932 in
533 3881 564 3932 ir.
584 3877 626 3932 13.
645 3876 669 3937 §-
681 3877 723 3930 11.
742 3879 776 3928 D.
784 3877 811 3927 h.
819 3883 838 3929 t.
873 3880 915 3929 De
933 3875 960 3925 h.
979 3876 1010 3926 fr.
1028 3877 1100 3925 recte
1117 3872 1318 3942 interpretando

112 3951 231 4002 multum
253 3951 412 4018 disputetur.
449 3953 502 4005 Gir.
521 3969 545 4004 o.
565 3949 712 4018 Vanycrow
731 3949 754 4010 ἐ.
773 3945 834 4002 644.

113 4021 181 4159 (dd)
199 4023 350 4076 AEstimatic
370 4026 440 4076 enim
458 4023 604 4091 periculum
624 4023 689 4074 iacit
709 4017 774 4084 eius,
795 4015 1078 4088 quissuscepit.fr.1.
1099 4015 1123 4076 §-
1143 4013 1167 4066 1.
1186 4019 1219 4068 D.
1242 4016 1284 4082 19,
1301 4013 1319 4067 3

149 4096 372 4148 aestimatoria.
939 4135 946 4148 .
970 4107 972 4114 ’
1167 4121 1168 4131 ¹

153 4161 182 4231 5)
201 4167 245 4217 Fr.
264 4163 289 4218 3.
309 4091 394 4226 54.)§.
416 4165 441 4219 2.
460 4166 493 4216 D.
513 4166 540 4218 b.
559 4170 578 4216 t.
615 4163 725 4216 nectite
744 4162 821 4225 dato,
842 4177 903 4213 cum
921 4175 976 4211 non
994 4165 1105 4226 pereant
1121 4160 1244 4222 locatori,
1259 4160 1320 4228 ser-

114 4252 197 4290 uant
216 4247 349 4292 natorum
367 4237 470 4290 habere
492 4237 527 4287 ab
545 4234 683 4286 hodiernis
709 4233 850 4296 dicdum,
878 4231 943 4284 inde
961 4231 1035 4297 apud
1054 4231 1204 4284 Germanos
1222 4245 1346 4298 pecore.

116 4309 249 4362 aestimata
272 4305 375 4363 Ea'ecrn
389 4308 464 4370 Vrsa,
484 4307 616 4362 dicuntur.
646 4305 761 4367 Quidem
780 4307 852 4356 hunc
871 4308 1036 4354 contractum
1053 4303 1153 4357 socc'dce
1171 4303 1323 4370 appellant,

115 4396 173 4450 qno
191 4381 380 4434 nominavero
398 4385 425 4431 et
448 4378 583 4446 designari
603 4379 671 4430 solet
689 4375 830 4430 locationis
848 4375 960 4443 speclea,
979 4389 1038 4443 qua
1060 4375 1089 4426 in
1107 4388 1204 4440 genere
1223 4373 1321 4439 gallice

116 4453 179 4505 buil
195 4452 212 4506 d
230 4454 337 4518 chaptel
355 4451 458 4504 dicitur.
479 4450 508 4504 0.
529 4451 588 4513 cim,
606 4453 655 4504 ara
675 4443 752 4501 1880.

154 4517 184 4588 8)
202 4523 245 4573 Fr.
259 4519 301 4574 81.
321 4523 355 4574 D.
374 4521 400 4574 ln
420 4527 438 4573 t.

1135 4621 1169 4675 17
