3062 4972
583 309 664 348 uun
676 309 712 353 rv.
733 313 790 350 aaa.
808 315 838 352 m·
1178 355 1192 372 ,
1257 309 1310 364 343

341 445 409 498 arn.
429 439 475 497 nt.
513 447 562 496 on
581 434 790 501 nondumne
810 441 1027 504 nominamus
1040 445 1070 518 ¹).

150 575 180 664 ἒ.
193 569 284 646 1206.
328 569 375 642 Ex
397 569 557 642 maleficiis
579 597 757 659 servorum,
781 583 880 646 veluti
902 587 929 645 si
952 585 1068 647 lurtum
1082 575 1227 665 fecerint,
1249 595 1303 651 aut

106 683 188 745 bona
208 671 390 763 rapuerint,
413 679 466 743 aut
488 680 630 744 damnum
653 671 816 760 dederint,
839 689 892 744 aut
913 685 1058 746 iniuriam
1080 689 1303 766 commiserint,

107 781 239 844 noxales
262 784 401 845 actiones
419 782 549 863 proditae
570 789 654 860 sunt,
678 783 791 864 quibus
808 777 934 848 domino
949 786 1092 848 damnato
1105 789 1306 868 permittitur,

105 884 160 945 adt
180 875 243 944 lltis
268 877 502 946 estimationem
525 873 659 946 sullerre
683 891 737 946 aut
760 885 914 948 hominem
936 905 1025 949 noxae
1053 887 1182 950 dedere.
1226 887 1302 951 Erat

108 984 188 1045 enim
208 973 371 1064 iniquum,
407 985 577 1065 nequitiam
601 1003 708 1048 eorum
738 975 818 1049 ultra
849 989 988 1068 ipsorum
1011 1006 1144 1070 corpora
1169 978 1301 1051 dominis

108 1083 286 1146 damnosam
307 1075 426 1166 esse2).
491 1067 493 1078 ’
1032 1092 1033 1096 ’

149 1181 179 1266 ξ.
191 1177 282 1248 1207.
325 1184 413 1247 Nona
435 1190 538 1247 autem
553 1192 602 1248 est
622 1182 722 1266 ipsum
737 1205 852 1268 corpus
872 1183 955 1269 quod
970 1191 1077 1252 nocuit
1093 1181 1113 1252 i.
1128 1210 1156 1253 e.
1176 1210 1288 1256 servus
1298 1214 1307 1270 ;

108 1287 200 1347 noxia
222 1287 324 1364 ipsum
346 1285 531 1380 malelicium
555 1285 654 1348 veluti
679 1287 812 1365 lurtum,
835 1289 995 1368 damnum,
1019 1293 1153 1369 iniuria,
1184 1295 1302 1374 rapina.

106 1383 257 1446 Dominus
278 1385 383 1447 noxali
407 1381 523 1448 iudicio
545 1386 631 1448 servi
654 1390 703 1449 sui
726 1389 851 1451 nomine
872 1385 1047 1452 conventus
1063 1409 1191 1454 servum
1204 1396 1304 1456 actori

107 1497 197 1548 noxae
219 1475 364 1548 dedendo
386 1475 556 1561 dilatatur}
580 1495 639 1548 nec
660 1489 762 1550 minus
786 1491 817 1550 in
839 1496 1026 1571 perpetuum
1049 1477 1117 1552 cius
1134 1491 1304 1556 dominium

107 1589 269 1652 adomino
290 1575 495 1662 transfertur3
520 1589 568 1650 sin
593 1590 674 1650 enim
698 1589 851 1666 damnum,
872 1592 922 1652 cui
947 1590 1071 1653 deditus
1095 1599 1161 1670 est,
1193 1610 1307 1657 servus

107 1691 290 1752 resarcierit
314 1691 443 1770 quaesita
469 1691 611 1769 pecunia,
636 1688 755 1752 auxilio
765 1688 910 1756 Praetoris
932 1692 1032 1753 invito
1057 1693 1309 1757 dominomanu-

108 1792 247 1854 mittetur
259 1790 297 1876 Β).
314 1828 320 1846 ι
1091 1811 1093 1816 ·

149 1890 284 1974 91208.
329 1889 512 1952 constitutae
536 1894 639 1951 autem
663 1895 736 1951 sunt
764 1890 894 1952 noxales
925 1893 1065 1960 actiones
1093 1897 1146 1954 aut
1178 1891 1305 1975 legibus

108 1997 161 2053 aut
182 1991 284 2053 edicto
301 1989 468 2063 Praetoris3
495 1989 633 2070 legions,
656 1990 755 2052 toltit!
779 1990 854 2052 lurti
876 1991 927 2053 vel
951 1992 1054 2054 damni
1077 1994 1200 2054 iniuria
1221 1993 1304 2069 dati3

109 2091 211 2153 edicto
227 2089 383 2165 Praetoris,
408 2087 508 2151 veluti
523 2089 707 2150 iniuriarum
725 2095 756 2151 et
770 2092 802 2151 vi
819 2091 971 2153 bonorum
994 2099 1165 2172 raptorum.
1200 2093 1306 2156 Omnis

109 2197 212 2253 autem
233 2190 353 2252 noxalis
377 2190 458 2251 actio
481 2195 573 2268 caput
596 2189 758 2269 coquitur3
791 2196 871 2252 nam·
890 2193 918 2252 si
947 2197 1059 2253 serane
1089 2198 1161 2254 tuus
1185 2195 1309 2256 noxiam
1379 2235 1383 2242 ·

110 2293 316 2368 commiserit,
350 2290 497 2370 quamdiu
520 2291 551 2350 in
575 2295 625 2351 tua
649 2296 804 2370 potestate
829 2294 888 2366 sit,
919 2297 1021 2354 tecum
1053 2298 1101 2354 est
1129 2295 1229 2370 actio,
1259 2295 1308 2355 sin

113 2399 217 2456 autem
236 2395 267 2454 in
288 2391 419 2454 alterius
442 2391 628 2471 potestatem
650 2395 790 2468 venerit,
815 2410 884 2454 cum
906 2393 962 2455 illo
984 2395 1095 2474 incipit
1116 2395 1197 2455 actio
1223 2411 1306 2470 esse,

114 2501 145 2556 et
167 2485 194 2556 si
217 2494 424 2556 manumissus
448 2491 555 2568 luerit,
578 2491 698 2553 directo
721 2493 790 2572 ipse
814 2497 950 2554 tenetur.
994 2493 1027 2556 Si
1048 2510 1163 2554 servus
1184 2495 1309 2558 domino

113 2612 171 2658 suo
195 2595 317 2656 noxiam
342 2595 540 2669 commiserit,
564 2591 741 2654 nullaactio
765 2595 922 2668 nascitur3
945 2611 1078 2673 namque
1101 2595 1184 2656 inter
1201 2593 1304 2656 domi-

112 2712 186 2756 num
209 2699 241 2755 et
266 2711 353 2771 eum,
385 2695 439 2774 qui
461 2693 520 2755 sub
546 2695 613 2755 eius
638 2698 793 2774 potestate
824 2699 893 2771 est,
924 2695 1010 2756 nulla
1039 2693 1192 2776 obligatio
1219 2697 1307 2756 nasci

114 2799 219 2876 potest
231 2793 272 2880 4)

155 2887 291 2978 §.1209
336 2883 443 2956 Veteri
466 2895 536 2956 iure
558 2913 686 2958 romano
710 2896 776 2958 haec
807 2896 899 2958 etiam
928 2897 960 2956 in
991 2893 1196 2956 liliislamilias
1225 2912 1311 2958 mas-

112 2997 193 3059 culis
215 3002 246 3058 et
270 2995 393 3058 leminis
414 2995 549 3058 admissa
582 3003 681 3060 erant.
725 2997 786 3062 Sed
809 2997 925 3058 sensim
949 2993 1160 3075 paulatimque
1184 2995 1221 3056 ab
1250 3012 1311 3056 usu

112 3098 266 3159 communi
287 3081 347 3158 hoc
369 3098 494 3177 penitus
516 3099 660 3174 recessit,
683 3103 718 3158 ut
739 3097 796 3160 lilii
818 3102 849 3157 et
870 3094 1128 3156 liliaelamiliarum
1142 3113 1233 3158 noxe
1250 3095 1308 3158 da-

112 3203 223 3260 rentur
235 3197 262 3282 ⁵)
876 3181 879 3186 ¹

155 3301 185 3380 ξ.
201 3296 294 3362 1210.
338 3297 525 3360 Animalium
551 3314 678 3376 qumque
701 3299 845 3373 nomine,
879 3314 947 3377 quae
976 3297 1097 3358 ratione
1126 3300 1252 3371 carent,
1283 3297 1310 3356 si

113 3398 240 3480 quidem
263 3398 394 3460 lascivia
417 3403 470 3460 aut
496 3397 624 3459 fervore
647 3403 700 3459 aut
723 3397 846 3459 feritate
868 3399 1049 3479 pauperiem
1075 3395 1225 3471 fecerint,
1249 3413 1310 3459 no·
1346 3389 1349 3394 ’

112 3499 192 3562 xalis
216 3500 298 3561 actio
321 3499 395 3582 lege
419 3500 584 3562 duodecim
608 3495 795 3561 Tabularum
819 3498 942 3579 prodita
963 3505 1029 3574 est;
1062 3485 1131 3578 {111ae
1154 3496 1307 3572 animalia,

113 3604 140 3664 si
162 3618 252 3663 noxae
266 3584 430 3676 dedantur,
453 3599 620 3686 proficiunt
641 3617 696 3661 reo
720 3598 1021 3664 adlilterationem:
1044 3596 1144 3659 veluti
1165 3597 1193 3657 si
1208 3613 1310 3676 equus

113 3691 300 3766 calcitrosus
325 3702 410 3764 calce
433 3703 642 3782 percusserit,
667 3705 721 3761 aut
741 3701 798 3762 bos
822 3717 921 3763 cornu
945 3706 1054 3781 petere
1076 3697 1188 3760 solitus
1210 3714 1312 3760 cornu

112 3807 250 3888 petierit.

154 3906 227 3968 llaec
248 3909 350 3966 autem
372 3902 453 3964 actio
476 3902 507 3962 in
531 3901 588 3977 iis,
612 3917 682 3980 quae
704 3905 810 3962 contra
832 3905 972 3962 naturam
995 3905 1177 3976 moventur,
1210 3898 1312 3961 locum

112 3997 217 4071 habet.
263 4005 416 4067 Caeterdm
440 4003 467 4064 si
492 4001 639 4084 genitalis
663 3997 704 4063 at
720 3991 838 4078 feditas,
864 4005 976 4070 cess‘a't.
1011 3987 1181 4080 P'aupe'ries
1196 3999 1312 4061 dicitur

149 4194 176 4262 1)
195 4197 259 4248 Irist.
278 4192 305 4258 4,
322 4190 340 4244 8
355 4191 404 4260 (da
419 4191 565 4244 moralibus
581 4186 700 4255 acuon).
723 4189 782 4244 (tat.
802 4189 829 4242 41
848 4191 871 4251 d.
893 4187 935 4243 75.
957 4203 1013 4259 seq.
1032 4185 1092 4257 mg.
1112 4189 1137 4254 9,
1157 4187 1174 4240 ll
1193 4185 1241 4254 (de
1261 4191 1309 4242 no.

112 4264 197 4320 xtllb.
220 4262 341 4330 sotianda
378 4262 482 4330 Moyau
500 4262 522 4321 §-
541 4259 602 4313 366.

147 4337 176 4404 2)
196 4341 239 4389 Pr.
258 4339 279 4388 1.
298 4339 324 4387 n.
343 4341 361 4386 t.
401 4335 459 4386 oar.
475 4331 501 4385 4.
520 4332 543 4392 t.
563 4329 607 4384 75.
728 4327 756 4396 3)
775 4330 799 4390 ιι
819 4330 904 4386 1.-3.
925 4333 947 4384 1.
966 4333 993 4384 n.
1013 4337 1031 4382 c.

146 4405 177 4474 4)
196 4408 220 4468 §a
235 4406 324 4468 4³⁶6&
345 4409 365 4460 Ῑ.
384 4407 411 4458 h.
430 4410 448 4456 ἴ.
469 4404 529 4456 (Ma
548 4401 574 4455 4·
597 4403 620 4464 ἓ.
641 4397 765 4455 'we-78·

148 4479 175 4547 5)
195 4479 217 4539 ἓ.
237 4476 262 4530 7.
282 4480 305 4531 Ic
323 4478 352 4530 ha
372 4478 457 4530 tolca
472 4475 532 4529 (tui.
548 4473 574 4529 4.
596 4469 756 4536 §stite-78.
