3062 4972
591 291 670 332 urnrn
681 293 718 336 rr.
740 293 798 338 eur.
807 294 838 337 rr.
1260 285 1313 342 337

154 423 185 502 ς.
199 419 292 484 1181.
334 421 370 484 Si
406 421 481 501 quid
514 423 553 485 ob
589 430 712 506 turpem
744 441 870 488 eausam
900 425 1081 505 accipientis
1113 425 1215 490 datum
1253 438 1312 508 εει,

112 521 234 582 etiamsi
260 537 313 582 res
340 525 447 582 secuta
472 524 531 599 sit,
555 526 656 604 repeti
678 530 784 605 potest
797 526 834 612 ¹).
879 521 1033 606 Competit
1055 526 1121 588 baec
1144 529 1311 609 condictio,

111 623 140 684 si
166 621 286 702 aliquid
308 621 411 684 datum
432 622 485 684 vel
508 628 672 686 remissum
696 624 758 702 sit,
782 626 881 688 veluti
904 628 931 687 si
957 643 997 687 ex
1019 627 1233 707 stipulatione,
1254 649 1312 711 per

111 725 176 786 vim
198 727 291 798 torta,
313 723 446 802 pecunia
471 730 578 786 exacta
602 727 692 811 sill).

155 823 212 885 Ubi
237 823 340 887 dantis
361 830 393 885 el
407 825 587 905 accipientis
603 826 763 906 turpitudo
788 832 944 903 versatur,
970 825 1056 888 nulla
1081 834 1129 889 est
1152 833 1312 912 repetitio,

113 923 214 987 veluti
237 925 264 987 si
285 926 356 1005 quis
379 925 475 986 iudici
499 923 617 1006 aliquid
642 927 776 1004 dederit,
803 933 837 988 ut
858 927 938 988 male
951 927 1003 988 vel
1017 931 1120 1011 etiam,
1141 931 1217 993 utin
1230 933 1312 998 bonu

113 1043 209 1088 eausa
231 1044 289 1106 pro
313 1043 348 1087 se
369 1025 504 1087 iudicet:
527 1028 649 1108 inpari
673 1027 753 1090 enim
778 1028 973 1108 turpitudine
994 1029 1098 1108 potior
1111 1036 1159 1091 est
1174 1031 1312 1096 conditio

112 1125 305 1207 possidentis
318 1126 357 1212 l).
403 1125 478 1187 ltem
507 1144 576 1188 cum
610 1127 710 1190 solius
749 1127 851 1189 dantis
882 1129 923 1189 sit
955 1129 1134 1207 turpitudo,
1168 1135 1315 1212 repetitio

114 1226 268 1308 cessat⁴).
313 1226 374 1288 Sed
400 1245 470 1288 oum
493 1227 594 1289 solius
616 1230 799 1309 accipientis
822 1229 982 1309 turpitudo
1005 1229 1056 1305 sit,
1081 1231 1240 1295 condictio
1262 1234 1315 1296 lo-

114 1345 184 1390 cum
205 1327 311 1403 babet,
334 1325 435 1388 veluti
457 1329 483 1388 si
506 1327 562 1388 tibi
585 1327 669 1405 dedi,
690 1345 730 1390 ne
750 1329 953 1411 sacrilegium
968 1330 1019 1391 vel
1036 1329 1153 1392 lurtum
1168 1332 1311 1416 factast).

113 1427 214 1490 Datur
236 1427 302 1490 boeo
324 1427 482 1489 condictio
508 1429 557 1503 ei,
592 1427 645 1508 qui
679 1428 785 1506 dedit,
821 1433 954 1508 eiusque
987 1429 1098 1491 heredi
1129 1433 1161 1492 in
1189 1433 1312 1496 dantem

113 1531 227 1591 eiusne
249 1527 415 1603 heredem,
447 1529 478 1588 in
500 1527 549 1604 id,
577 1533 684 1590 utres
714 1543 782 1591 cum
806 1527 888 1591 omni
912 1547 1005 1592 eausa
1027 1531 1229 1612 restituatur,
1261 1537 1311 1599 vel

114 1632 185 1693 eins
206 1629 368 1692 estimatio
392 1628 547 1690 solvatur.

156 1730 290 1814 §.1182
335 1728 368 1790 ln
392 1727 535 1790 omnibus
559 1725 629 1791 aliis
651 1731 767 1805 causis,
791 1729 844 1790 ubi
867 1730 986 1810 aliquid
1013 1730 1116 1795 datum
1140 1741 1204 1815 εει,
1227 1736 1312 1817 quod

115 1831 388 1906 condictionibus,
420 1847 498 1910 quas
519 1831 703 1908 retulimus,
732 1833 835 1912 repeti
858 1833 987 1912 nequit,
1019 1856 1084 1896 sina
1113 1857 1208 1899 cnosi
1230 1861 1312 1900 con-

114 1957 220 1998 mcrro
242 1933 391 2012 competit
402 1931 440 2016 ⁶).

157 2033 229 2097 Haec
251 2031 452 2108 eminentie,
477 2047 546 2112 quc
569 2048 638 2092 cum
665 2031 800 2111 reliquis
821 2031 1070 2095 condictionibus
1091 2037 1261 2114 concurrit,
1282 2043 1314 2100 in

116 2135 291 2199 subsidium
314 2135 406 2214 quasi
430 2133 500 2195 data
523 2137 589 2209 εει,
613 2151 654 2194 ηε
677 2146 812 2213 unquam
835 2133 949 2214 aliquis
975 2135 1106 2196 alterius
1129 2135 1240 2200 damno
1261 2139 1314 2201 lo-

117 2236 276 2317 cupletior
298 2234 367 2296 lieri
389 2235 510 2315 possit3
541 2233 624 2314 quod
648 2233 753 2296 multis
777 2234 930 2315 exemplis
953 2235 1034 2315 apud
1056 2238 1183 2298 veteres
1205 2237 1315 2300 relatis

84 2360 87 2366 ·
118 2338 328 2400 demonstrari
348 2341 463 2416 potest.
571 2357 589 2370 ·

160 2437 194 2500 ln
218 2437 352 2517 reliquis
376 2437 473 2498 buius
496 2434 704 2498 condictionis
732 2436 781 2496 vis
813 2440 845 2497 et
872 2441 982 2498 natura
1011 2435 1120 2499 eedem
1150 2444 1216 2515 est,
1244 2457 1314 2521 quae

117 2545 311 2614 caeterarum,
336 2535 375 2599 de
399 2536 514 2617 quibus
538 2535 685 2611 diximus,
711 2535 954 2598 condictionem.

159 2639 299 2723 §.1183
343 2637 496 2718 Superest
526 2642 560 2697 ut
591 2636 630 2696 de
668 2637 790 2697 actione
824 2660 862 2698 nn
896 2659 1089 2699 axnrarnoon
1121 2636 1313 2728 dicemuslj.

117 2742 190 2805 llaee
210 2739 375 2802 arbitraria
399 2738 479 2799 aetio
500 2737 649 2816 competit
670 2736 710 2812 ei,
734 2737 824 2796 cuius
846 2735 980 2796 interest
999 2754 1065 2798 rem
1085 2737 1145 2798 sibi
1160 2737 1314 2814 exhiberi,

120 2843 276 2905 adversus
301 2837 472 2918 quemlibet
494 2838 562 2898 eius
585 2853 813 2938 possessorem.
848 2837 896 2898 Ad
917 2835 1126 2898 exhibendum
1142 2839 1224 2924 aetio
1238 2856 1316 2918 per-

120 2961 212 3024 quam
233 2939 417 3003 necessaria
442 2942 507 3012 est,
540 2943 572 2998 et
593 2938 643 3000 vis
666 2938 734 2999 eius
759 2937 791 2998 iu
815 2953 876 2998 usu
904 2937 1099 3016 quotidiano,
1113 2941 1317 3018 conspicitur,

120 3059 221 3122 eaque
246 3041 379 3102 maxime
405 3043 534 3118 propter
557 3037 788 3100 vindicationes
812 3026 991 3100 introducta
1017 3044 1066 3100 est
1076 3039 1112 3121 ⁸).
1157 3039 1316 3102 Exhibere

120 3148 170 3206 εει
192 3129 391 3222 presentiam
415 3139 558 3218 corporis
580 3137 722 3218 prebere
740 3137 792 3198 vel
809 3137 915 3198 facere
932 3139 964 3198 in
979 3137 1106 3218 publico
1119 3143 1316 3218 potestatem,

118 3249 155 3305 ut
179 3243 220 3318 ei,
243 3239 296 3320 qui
318 3241 395 3320 agit,
420 3237 607 3318 experiundi
629 3239 671 3298 sit
692 3237 781 3316 eopia
793 3236 834 3320 1).
870 3235 1026 3316 Competit
1040 3235 1139 3319 igitur
1156 3237 1221 3299 baeo
1235 3239 1316 3300 aotio

119 3345 161 3420 ei,
185 3345 238 3422 qui
261 3343 293 3402 in
317 3343 533 3400 remeaturus
557 3342 616 3413 εει,
642 3336 853 3416 qualicunque
876 3337 909 3396 in
932 3355 997 3398 rem
1018 3339 1153 3413 actione,
1176 3343 1236 3399 tam
1251 3357 1317 3399 rem

120 3459 213 3523 quam
233 3440 459 3501 usumfructum
476 3439 695 3518 petituro,nec
706 3453 769 3499 non
785 3438 824 3513 ei,
847 3438 901 3516 qui
915 3435 1140 3516 hypothecaria
1153 3438 1252 3498 utitur
1264 3438 1316 3524 10).
1399 3497 1404 3504 .

121 3541 183 3606 Sed
210 3541 272 3603 etsi
295 3540 366 3620 quis
387 3537 614 3600 interdicturus
636 3555 701 3599 rem
723 3537 866 3598 exbiberi
889 3536 1060 3612 desideret,
1085 3535 1241 3613 audietur,
1266 3539 1319 3599 vel

120 3643 149 3706 εἰ
171 3643 243 3722 quis
262 3639 369 3704 noxali
395 3639 512 3702 indicio
536 3639 674 3718 experiri
695 3637 784 3699 velit.
827 3637 972 3719 Denique
994 3638 1141 3718 competit
1163 3638 1318 3715 omnibus,

118 3765 317 3778 —n—-a--u

157 3814 186 3884 1)
203 3820 248 3870 Fr.
268 3819 292 3872 1.
311 3819 334 3878 ἓ.
353 3818 379 3871 2.
398 3821 432 3870 Ι).
450 3820 477 3869 h.
496 3823 515 3868 t.
534 3815 589 3882 (12,
608 3815 647 3883 ὃ).
665 3819 694 3870 0.
711 3815 739 3881 4,
758 3814 784 3868 7.

157 3885 186 3954 2)
205 3890 248 3940 Fr.
268 3887 293 3942 7.
316 3895 349 3942 D.
368 3887 432 3942 1ιῖι.
452 3905 474 3941 c.
493 3888 518 3940 3.
538 3888 562 3941 7.
582 3890 611 3942 0.
630 3891 691 3942 eod.

156 3955 185 4026 3)
204 3961 334 4030 Regulam
354 3968 380 4043 ει
397 3962 524 4027 exempla
542 3963 628 4014 habes
645 3963 673 4012 in
692 3963 723 4012 fr.
736 3958 760 4010 2.
781 3959 804 4019 ἓ.
816 3958 841 4010 2.
862 3961 894 4011 fr.
913 3955 938 4010 3.
956 3957 981 4011 4.
1001 3977 1040 4026 pr.
1061 3957 1084 4018 ἓ.
1095 3957 1119 4010 1.
1136 3960 1168 4010 fr.
1178 3957 1204 4011 8.
1224 3957 1255 4011 D.
1266 3962 1317 4011 hm.

121 4032 338 4168 ssngrffldg.
356 4100 382 4155 3.
400 4103 434 4153 D.
454 4103 519 4154 h.t
621 4100 711 4168 olm.
730 4101 755 4154 1.
769 4117 808 4166 pr.
828 4096 892 4159 ἓ..2
911 4103 942 4152 fr.
965 4100 1129 4152 2.D.h.t.

156 4172 241 4241 3)D.
261 4175 304 4240 12,
322 4172 348 4226 7.
368 4174 397 4226 O.
418 4173 445 4237 4
464 4173 488 4226 9
524 4191 549 4225 o
573 4171 761 4240 Venerow§
780 4170 841 4224 628.

157 4242 186 4312 7)
206 4250 240 4299 D
261 4244 304 4311 10,
320 4244 346 4298 4
368 4247 397 4298 C
416 4243 443 4309 3,
449 4241 509 4374 ἓ423
539 4264 563 4296 v.
588 4243 778 4312 Vanqeroao§.
796 4239 858 4294 707.

492 4315 573 4368 31..Ι
594 4315 621 4378 4,
637 4314 722 4379 olda
741 4310 814 4379 act..)

332 4349 1039 4511 ε2ἰ246ρ1.1).50,16(ᾱε7.8.).

1052 4512 1054 4516 ’
1137 4547 1172 4601 aa
