3098 4966
183 337 219 391 90
501 347 701 388 rnorrrorronn
723 349 797 387 roais
816 349 921 388 aonam
940 350 1059 389 aninam.

224 481 258 545 Si
284 483 355 563 quis
379 483 511 554 veroin
532 483 636 546 alieno
657 483 728 546 loco
758 483 941 546 thesaumm
970 483 1042 546 data
1063 501 1160 566 opera
1180 486 1329 568 quesivit
1349 491 1383 546 et

185 583 325 660 invonit,
358 588 442 646 totus
465 583 505 645 ad
527 583 615 646 lundi
646 583 802 646 dominum
835 585 972 664 pertinet
985 586 1020 666 ¹).
1074 585 1220 672 Denique
1253 587 1280 648 si
1311 588 1385 666 quis

185 684 217 745 in
233 683 330 746 fundo
346 701 405 748 suo
419 684 540 750 artibus
559 686 690 768 magicis
709 685 762 746 vel
780 686 1010 766 superstitiosis
1033 685 1181 749 adhibitis
1200 687 1384 750 thesaurum

184 785 312 864 reperit,
337 786 368 846 in
390 803 512 866 poenam
535 787 578 848 ita
600 788 789 866 quaerentis‚
820 804 873 848 res
898 788 1026 850 inventa
1050 787 1126 855 lisoo
1148 788 1382 874 vindicent).

227 886 343 967 §.tot
387 886 448 948 Res
476 886 609 948 hostiles
638 903 767 966 quoque
790 889 973 968 occupantis
996 888 1084 950 liunt.
1131 887 1213 951 Belli
1243 895 1386 970 tempore

184 1002 255 1061 res,
279 1001 348 1066 que
370 985 505 1048 hostium
526 992 610 1062 sunt,
634 985 752 1048 nullius
775 1003 849 1050 ease
871 987 1052 1070 linguntur,
1077 995 1108 1051 et
1129 991 1245 1070 cuique
1265 991 1383 1052 oivium

186 1087 352 1166 occupatio
374 1103 480 1148 earum
501 1087 702 1166 permittitur,
722 1093 838 1168 praeter
858 1105 911 1152 res
927 1088 999 1165 soli,
1022 1106 1092 1169 quae
1107 1096 1267 1171 occupate
1283 1091 1384 1172 ipsius

179 1189 293 1270 populi
315 1187 536 1270 belligerantis
557 1190 693 1269 proprie
716 1190 803 1266 liunt,
826 1191 909 1252 sicut
930 1195 963 1252 et
981 1191 1086 1271 praeda
1106 1190 1241 1256 collecta
1249 1191 1289 1275 ὅ).
1319 1191 1386 1254 Oc-

161 1273 295 1370 'cupata
317 1307 369 1351 res
391 1275 515 1353 hostilis
544 1289 753 1374 intelligitur,
780 1291 872 1352 simul
900 1296 995 1370 atque
1026 1291 1108 1356 hosti
1138 1297 1247 1372 erepta
1273 1291 1385 1380 est⁴);

186 1391 270 1473 quod
293 1409 371 1454 vero
395 1390 494 1453 hostis
517 1392 620 1473 eripit,
643 1391 675 1453 id
698 1409 761 1454 non
786 1393 888 1454 statim
910 1393 1058 1454 amissum
1078 1397 1139 1469 est,
1163 1393 1220 1458 sed
1243 1399 1306 1454 tum
1326 1391 1386 1454 de-

185 1510 286 1568 mum,
317 1511 387 1554 cnm
411 1509 465 1554 res
495 1494 579 1554 inter
601 1493 746 1574 praesidia
775 1493 813 1555 ab
844 1511 882 1554 eo
906 1493 1055 1555 translata
1084 1495 1125 1554 sit
1136 1493 1180 1574 ⁵).·
1211 1511 1275 1572 quo
1304 1494 1386 1555 lacto

186 1593 312 1656 hostilis
335 1593 386 1669 fit,
411 1593 589 1672 iterumque
611 1595 711 1674 primo
735 1612 802 1656 eam
824 1595 960 1673 capienti
981 1587 1186 1670 conceditur,
1212 1595 1280 1656 anisi
1303 1595 1386 1656 lorte

185 1695 236 1756 ius
259 1693 444 1774 postliminii
465 1695 497 1754 in
519 1712 557 1755 ea
579 1695 682 1756 locum
696 1693 818 1770 habeat,
841 1695 873 1755 vi
891 1695 982 1756 ouius
995 1711 1048 1756 res
1065 1693 1102 1756 ab
1120 1694 1263 1756 hostibus
1278 1699 1388 1782 captae,

187 1797 218 1856 in
243 1800 382 1856 nostram
404 1793 563 1856 civitatem
587 1795 776 1871 redeuntes,
811 1796 880 1875 ipso
908 1796 977 1856 iure
1006 1794 1045 1856 ad
1069 1779 1207 1874 priorem
1230 1794 1388 1856 dominum

186 1899 404 1957 revertuntur.
447 1896 513 1960 Hoc
533 1899 583 1958 ius
606 1896 787 1977 postliminii
809 1902 910 1958 tamen
934 1899 967 1957 in
989 1895 1114 1976 praediis
1131 1901 1259 1970 tantum,
1280 1893 1388 1972 eqni-

186 2001 246 2062 bus
273 2002 384 2064 hostes
407 1999 532 2082 expulsi
555 2005 638 2076 sunt,
662 1999 793 2076 obtinet,
818 1999 850 2060 in
874 1999 964 2078 equis
986 1997 1174 2060 militaribus
1197 2015 1234 2058 ao
1254 1994 1388 2058 navibus

186 2101 309 2165 bellicis
321 2103 362 2188 ⁶).
1304 2108 1306 2114 '

229 2209 259 2286 ξ.
272 2203 344 2269 325.
390 2202 436 2264 lle
457 2219 563 2264 rerum
586 2201 786 2264 immobilium
810 2203 1018 2282 occupatione
1039 2207 1180 2276 constat,
1202 2197 1334 2264 insulam
1356 2197 1389 2256 in

189 2309 266 2368 mari
294 2307 467 2382 detectam,
500 2308 591 2388 primi
623 2307 805 2388 occupantis
835 2305 956 2390 baril).
1000 2303 1146 2383 lienique
1173 2297 1389 2382 imperialibus

190 2409 467 2471 constitutionibus
494 2413 683 2489 preceptum
707 2412 772 2469 est:
803 2420 914 2489 agrum
934 2406 1117 2480 desertum,
1142 2403 1179 2466 ab
1202 2401 1308 2480 aliquo
1331 2416 1390 2460 oc·-

189 2513 388 2587 cupatum'et
411 2527 467 2590 per
490 2509 652 2572 biennium
675 2491 775 2571 abeo
798 2507 935 2584 cultum,
966 2509 999 2569 in
1029 2504 1211 2585 occupantis
1234 2516 1306 2562 esse
1329 2497 1390 2566 do-

191 2607 341 2696 minut).
390 2649 394 2656 «

523 2795 592 2850 TIT.
612 2796 661 2850 ΠΙ.
697 2795 746 2848 DE
765 2790 1056 2848 nccusstontotts.

232 2925 347 3007 §.326
391 2927 586 2988 Accessione
616 2926 784 2988 dominium
815 2925 1006 3005 acquirimus
1034 2925 1067 2984 vi
1094 2942 1130 2986 ac
1157 2929 1315 3006 potestate
1343 2925 1390 2986 rei

189 3031 316 3102 nostrae,
341 3043 409 3087 cum
433 3043 497 3103 res,
523 3043 593 3106 quae
615 3033 722 3090 nostra
743 3045 805 3088 non
830 3031 890 3102 est,
913 3025 960 3087 rei
981 3023 1099 3085 nobtrae
1116 3025 1249 3102 accedit,
1272 3043 1391 3088 secun-

191 3125 263 3189 dum
287 3125 421 3208 vulgare
447 3137 654 3208 preceptum,
688 3127 919 3206 ,accessionem
942 3124 1058 3186 cedere
1080 3125 1246 3208 principali
1272 3126 1389 3212 rei“⁰)·

190 3225 280 3288 Unde
301 3228 443 3288 accessio
467 3227 529 3290 dici
552 3233 656 3308 potest
678 3229 822 3296 extensio
843 3226 971 3289 dominii
989 3227 1090 3288 nostrl
1103 3243 1161 3306 per
1173 3227 1390 3289 extensionem

189 3327 248 3388 rei.
293 3327 485 3408 Interpretcs
509 3347 576 3391 cam
597 3330 753 3410 triplicem
764 3329 882 3404 dicunt,
904 3327 1078 3388 naturalem
1099 3327 1231 3404 scilicet,
1254 3327 1390 3408 artifici-
1455 3338 1467 3343 ·

191 3427 269 3490 ulem
291 3447 349 3492 seu
370 3429 581 3492 industriolem
603 3438 635 3494 et
656 3431 801 3503 mixtam,
832 3447 901 3511 quae
924 3429 1083 3492 distinctio
1105 3435 1170 3490 tum
1193 3431 1240 3491 rei
1263 3431 1390 3491 veritati

191 3531 358 3607 contraria,
381 3537 444 3594 tum
458 3534 575 3597 inutilis
590 3538 656 3596 est:
681 3551 750 3595 nam
762 3533 894 3614 primum
906 3549 1000 3594 merae
1013 3531 1186 3594 artilioialis
1197 3532 1390 3594 accessionis

190 3653 387 3669 ¹——n—-u-

227 3747 253 3816 1)
272 3749 297 3812 9.
316 3749 397 3804 391.
416 3751 458 3802 cit.
651 3747 679 3818 2)
702 3751 731 3806 G·
750 3766 795 3804 un.
818 3751 884 3802 (lod.
904 3751 947 3803 cit.

225 3820 253 3889 3)
273 3822 296 3882 §-
316 3819 358 3874 17.
379 3824 398 3872 Ι.
416 3821 441 3886 2,
459 3825 482 3872 1.
501 3823 528 3872 h.
545 3827 564 3874 t
584 3824 614 3874 fr.
627 3820 652 3874 5.
672 3821 695 3882 §.
703 3818 728 3874 7.
747 3824 779 3873 fr.
793 3820 836 3874 51.
856 3822 879 3882 §-
899 3824 933 3873 D.
951 3820 1144 3876 ib.tr.13.1t.
1162 3819 1320 3888 48‚13(od
1338 3826 1392 3890 leg.

190 3895 240 3948 Iul·
261 3890 397 3960 occulat).
416 3896 447 3946 fr.
467 3894 492 3946 2.
512 3891 536 3946 3.
556 3895 588 3946 Ι).
607 3890 699 3958 4915
717 3891 765 3962 (de
784 3895 897 3960 captiuis
918 3898 944 3946 et
961 3889 1097 3959 postlim.).

222 3959 253 4027 4)
272 3967 334 4031 Aeg.
356 3963 434 4024 §.172
455 3966 475 4016 1.
491 3966 533 4018 eit
677 3961 703 4030 5)
725 3965 767 4015 Fr.
781 3963 806 4018 5.
826 3967 849 4026 ἓ·
862 3965 886 4016 1.
903 3966 934 4020 fr.
948 3963 990 4016 19.
1008 3965 1030 4026 b.
1047 3963 1072 4020 3·
1091 3967 1121 4016 fr.
1143 3963 1186 4018 39.
1207 3965 1238 4018 D.
1256 3961 1302 4026 49,
1313 3962 1355 4020 15.

225 4032 253 4100 6)
271 4037 314 4087 Fr·
328 4035 354 4088 2.
365 4053 404 4102 pr.
423 4035 446 4094 ᾖ.
459 4035 484 4088 1.
502 4038 532 4086 lr.
547 4033 572 4088 5.
590 4054 629 4103 pr.
650 4036 674 4096 ἓ.
688 4035 712 4087 2.
729 4037 810 4087 Duil.
826 4037 867 4088 cit.
888 4037 920 4086 ir.
932 4034 973 4087 16.
992 4037 1025 4085 Ι).
1036 4037 1062 4086 h.
1073 4041 1091 4087 t.
1112 4037 1177 4088 Cum
1190 4037 1252 4090 loos
1266 4037 1301 4088 ab
1314 4038 1392 4094 hosts

191 4113 271 4174 cepta
289 4113 359 4171 sunt,
381 4107 505 4158 desinunt
524 4123 582 4160 esse
600 4109 726 4174 religiosa
740 4109 783 4164 vel
797 4123 889 4162 sama:
911 4107 960 4160 sed
978 4109 1012 4158 ab
1028 4107 1081 4159 heo
1094 4109 1248 4164 calamitate
1264 4109 1392 4170 liberata,

189 4180 349 4244 postliminio
369 4193 486 4316 ¹0V3r⁵lb
506 4179 616 4244 pristino
633 4180 716 4232 motui
734 4181 916 4236 restituuntur,
936 4179 978 4232 Fr.
997 4177 1040 4232 36.
1058 4181 1089 4232 l).
1102 4179 1146 4243 11,
1165 4175 1182 4229 7
1204 4175 1252 4244 (de
1270 4180 1344 4244 relig·
1366 4183 1393 4230 et

189 4252 313 4317 sumptib.
333 4253 440 4301 lunen..
793 4257 795 4260 '

224 4319 253 4389 7)
273 4321 297 4382 ἐ.
316 4319 359 4372 22.
378 4323 399 4371 Ι.
419 4323 445 4370 h.
465 4326 482 4372 t.
503 4323 535 4373 fr.
554 4319 596 4373 30.
618 4320 643 4380 5·
661 4319 688 4372 4.
706 4323 739 4373 Ι).
759 4322 785 4374 h.
803 4326 821 4374 t

224 4393 252 4460 8)
272 4393 301 4446 (l.
320 4390 345 4444 8.
366 4393 395 4444 d.
416 4393 458 4454 11,
475 4390 511 4446 58
530 4389 578 4460 (ds
600 4393 672 4446 omni
690 4409 755 4460 agro
774 4391 902 4456 deserto),

224 4461 252 4532 9)
271 4467 315 4515 Fr·
334 4463 376 4515 19.
395 4462 418 4522 ἓ.
432 4462 475 4515 13.
495 4465 527 4514 D.
547 4463 592 4530 24,
611 4461 627 4516 2
647 4461 704 4530 (de'
717 4480 785 4520 suro
803 4459 934 4532 argento).
970 4461 1060 4522 Hodie
1082 4461 1185 4520 dicunt:
1210 4459 1393 4520 amatorium

194 4539 316 4604 coquitur
329 4537 496 4604 principale.
