3098 4966
186 314 240 370 1⁴18
506 323 707 363 ΙΙΙΤΙΤΙΠῙΟΙΙΙ
719 323 800 378 ΙΙΠΙΙΙ
818 323 923 362 lonii
942 323 1063 362 ΙΙΝΑῙΙ.

188 469 280 516 rores
304 469 344 514 ex
374 467 437 514 uno
464 451 565 514 latere
592 453 691 514 iuncti
717 452 875 514 iuncraeve
898 469 1050 514 eorumve
1071 451 1182 527 liberi3
1216 457 1248 514 et
1275 457 1387 534 quarto

189 553 312 616 demum
335 552 445 614 ordine
467 558 671 635 cognatorum
692 553 888 633 reliquorum
910 555 1046 634 quisque
1067 553 1280 641 proximus1).

229 657 260 736 ξ.
273 653 345 720 515.
391 653 542 734 Superest
582 659 618 716 ut
650 653 891 717 admoneamus:
936 652 1172 734 perduelliones
1214 670 1388 734 eorumque

189 751 327 830 liberos,
352 759 510 834 apostatas
533 759 565 816 et
587 753 754 817 hereticos
776 755 995 836 improbiores,
1018 755 1110 817 etad
1132 756 1242 818 mortis
1265 771 1388 836 poenam

190 859 368 932 damnatos,
400 855 559 936 legitimos
581 855 633 918 vel
656 857 837 936 propiornm
859 873 988 920 suorum
1021 862 1224 939 cognotorum
1253 855 1388 918 heredes

188 959 257 1022 fieri
279 975 343 1020 non
365 956 512 1042 posse2).
555 955 665 1018 Viduo
695 959 774 1019 intra
802 975 915 1020 annum
936 958 1103 1041 lugubrem
1125 959 1281 1022 nubentes
1304 959 1388 1022 ultra

189 1058 362 1126 secundum
391 1057 523 1139 gradum
551 1059 695 1140 cognatis
721 1058 895 1122 succedere
916 1060 1128 1140 impediuntur
1139 1061 1173 1142 ³).
1218 1060 1389 1124 Affinitatis

190 1160 353 1226 successio
375 1164 407 1220 et
427 1159 599 1221 novissimo
621 1159 691 1220 iure
713 1177 842 1222 romano
865 1159 953 1224 nulla
975 1164 1129 1242 permissu
1152 1162 1252 1248 cst4).

239 1349 307 1402 ΤΙΤ.
319 1346 372 1400 Π.
408 1349 457 1400 DE
478 1346 646 1401 SINGULIS
664 1348 922 1402 LEGITIMORUM
941 1350 1121 1404 HEREDUM
1140 1350 1344 1404 ORDINIBUS.

233 1488 264 1568 ξ.
277 1484 350 1551 516.
392 1482 513 1548 Primus
534 1481 744 1564 legitimorum
768 1482 919 1545 heredum
949 1484 1027 1546 crdo
1048 1489 1097 1546 est
1118 1484 1308 1571 liberorum,
1334 1484 1390 1547 vei

192 1592 228 1648 ut
247 1585 342 1647 hodie
364 1583 482 1659 dicunt,
503 1581 757 1646 descendentium.
798 1583 907 1664 ltaque
929 1586 957 1646 si
978 1585 1207 1647 descendentes
1223 1585 1336 1647 habeat
1348 1585 1389 1661 is,

192 1688 245 1767 qui
267 1687 433 1747 intestatus
455 1686 606 1762 moritur,
628 1687 855 1765 cuiuscumque
876 1690 949 1746 sunt
967 1703 1064 1749 sexus
1085 1692 1139 1748 aut
1157 1685 1295 1769 gradus,
1317 1686 1390 1749 sire

193 1806 233 1851 ex
252 1785 399 1848 musculis
421 1788 491 1847 sive
514 1804 554 1848 ex
577 1786 701 1848 seminis
724 1785 940 1863 descendunt,
974 1788 1043 1849 sive
1074 1788 1124 1850 sui
1151 1788 1230 1848 iuris
1259 1787 1329 1848 sive
1355 1787 1389 1848 in

195 1891 352 1969 potestate
365 1891 449 1962 sunt,
472 1885 519 1947 illi
542 1886 686 1949 omnibns
708 1886 953 1950 ascendentibus
977 1893 1019 1965 et,
1042 1889 1097 1968 qui
1119 1887 1281 1951 exlatere
1304 1892 1388 1964 sunt,

194 1989 339 2071 cognatis
361 1993 587 2067 praeponuntur
598 1987 638 2074 ⁶).
682 1987 721 2049 Et
739 1988 814 2050 licet
830 1988 1001 2086 defunctus·
1013 1989 1072 2051 sub
1089 1989 1221 2051 alterius
1233 1993 1390 2070 potestate

191 2093 299 2168 fuerit,
322 2089 414 2151 liberi
436 2093 537 2150 tamen
557 2091 636 2166 eius,
660 2092 963 2172 cuiuscunquesunt
981 2107 1077 2152 sexus
1093 2095 1146 2152 aut
1159 2089 1288 2173 gradus,
1310 2090 1388 2170 ipsis

194 2193 286 2254 etiarn
306 2189 499 2272 parentibus,
525 2190 583 2251 sub
598 2208 731 2270 quorum
743 2197 899 2273 potestate
914 2197 1013 2268 erant,
1035 2191 1257 2272 praeieruntur,
1280 2189 1388 2253 inillis

193 2294 316 2358 scilicet
336 2290 443 2368 rebus,
467 2307 537 2371 quo
559 2297 721 2372 parentum
744 2311 806 2356 non
827 2299 910 2370 sunt,
934 2292 990 2356 sed
1011 2293 1111 2372 ipsius
1134 2291 1285 2354 defuncti.

235 2399 265 2479 ξ.
277 2395 349 2463 517.
392 2393 458 2456 Nec
479 2396 511 2456 in
531 2395 592 2457 hoc
614 2395 724 2458 ordine
746 2394 863 2478 gradus
884 2396 1066 2476 proximitas
1090 2393 1389 2472 necessariospec-

194 2501 296 2558 tetur:
322 2494 378 2558 sed
399 2513 468 2558 oum
492 2495 566 2558 filiis
589 2503 620 2559 et
647 2497 772 2560 filiabus
801 2503 933 2578 nepotes
962 2515 1002 2558 ex
1030 2501 1219 2577 praemortuo
1247 2493 1311 2556 tilio
1340 2493 1392 2556 vei

195 2597 261 2660 filio
285 2605 456 2660 vocantur:
491 2600 545 2687 qui
567 2605 723 2679 quotquot
744 2605 836 2676 sunt,
866 2605 980 2662 tantam
1004 2617 1043 2662 ex
1069 2597 1244 2660 hereditate
1272 2600 1392 2676 partem

194 2698 332 2778 capiunt,
356 2703 501 2778 quantam
523 2716 637 2779 parens
661 2700 818 2780 ipsorum,
842 2702 870 2762 si
892 2704 1055 2780 superstes
1079 2703 1183 2775 esset,
1205 2698 1392 2778 accepisset.

194 2796 355 2860 Dividitur
377 2799 476 2880 igitur
498 2799 530 2860 in
551 2799 611 2861 hoc
634 2799 744 2862 ordine
768 2799 926 2862 hereditas
950 2799 982 2860 in
1006 2800 1124 2880 capita,
1148 2799 1175 2859 si
1199 2794 1394 2860 solummodo

195 2898 252 2960 filii
272 2897 405 2975 iiliaeve,
429 2897 482 2960 vel
505 2917 544 2960 ex
567 2899 677 2962 eodem
699 2898 764 2961 filio
786 2905 918 2978 nepotes
940 2899 993 2962 vel
1011 2904 1122 2979 neptes
1145 2897 1338 2972 succedunt,
1363 2899 1396 2956 et

191 2999 225 3060 in
246 2998 373 3078 stirpen,
397 2999 424 3060 si
443 3003 576 3078 nepotes
600 3003 631 3060 et
642 3003 753 3078 neptes
776 2997 920 3079 pluribus
936 3016 1006 3060 cum
1028 2999 1100 3062 tiliis
1121 2997 1287 3062 filiabusve
1299 2993 1395 3082 simul

193 3098 370 3164 succedunt
381 3098 421 3184 ⁶).
466 3097 531 3159 Hoc
553 3099 586 3159 in
614 3097 727 3161 ordine
758 3115 866 3160 omnes
891 3097 984 3162 liberi
1014 3094 1151 3178 adoptati
1178 3098 1394 3172 admittuntur,

195 3205 227 3261 et
250 3198 289 3261 ad
311 3187 545 3261 successionem
568 3199 677 3260 matris
700 3203 760 3260 tam
782 3198 915 3281 legitimi
936 3217 1028 3279 quarn
1047 3197 1146 3282 vulgo
1168 3199 1302 3280 quaesiti.

238 3302 268 3382 ξ.
283 3298 356 3366 518.
401 3297 490 3370 Quod
513 3299 540 3360 si
556 3297 723 3362 defunctus
738 3298 953 3361 descendentes
969 3317 1032 3362 non
1044 3299 1184 3379 reliquit,
1207 3297 1394 3362 insecundo

196 3401 307 3466 ordine
333 3399 382 3462 hcc
410 3399 503 3462 simul
530 3416 676 3480 persone
704 3407 876 3464 vocantur:
911 3406 1057 3482 parentes
1092 3400 1243 3482 proximi,
1278 3399 1394 3462 iratres

230 3650 258 3717 1)
279 3651 351 3700 Hine
372 3643 474 3710 antiqui
492 3643 630 3694 versiculi:
1138 3695 1146 3702 ,

390 3714 564 3766 Descendens
585 3714 670 3765 omnis
688 3713 809 3766 succedit
828 3714 857 3764 in
874 3712 968 3764 ordino
988 3712 1072 3778 primo

391 3786 545 3837 decendens
565 3786 681 3851 propior,
699 3800 841 3850 germanus
858 3785 928 3835 filius
949 3783 1014 3844 eius,

392 3857 467 3908 Tunc
485 3857 570 3907 latore
586 3871 621 3906 ex
638 3871 691 3906 uno
710 3858 824 3918 iunctus,
843 3869 949 3924 quoquc
966 3855 1036 3904 filius
1055 3852 1128 3914 eius3

393 3925 441 3990 (Hi
460 3929 548 3978 cuncti
566 3927 594 3976 in
614 3929 706 3994 stirpes
727 3928 882 3990 succedunt,
897 3927 925 3976 in
944 3927 1032 3991 capitu
1053 3927 1164 3975 summa

304 4047 307 4053 .
392 3999 489 4050 Functi
507 3998 690 4062 ascendentes,
708 4000 818 4050 fratrum
836 3998 925 4064 proles
942 4010 1047 4064 quoquo
1064 3989 1145 4116 ⁵013,

393 4071 518 4137 Denique
535 4071 682 4136 proximior
700 4071 860 4138 reliquorum
878 4068 990 4135 quisque
1009 4081 1102 4132 supere
1129 4080 1151 4116 s.

230 4139 260 4209 2)
279 4142 323 4193 rr.
341 4137 368 4192 5.
389 4141 413 4200 ἓ.
433 4141 456 4191 1.
475 4140 500 4192 3.
522 4140 586 4192 (1.9
612 4139 630 4192 8
647 4139 695 4207 (sd
712 4142 766 4207 lug.
785 4139 835 4191 Iul.
853 4136 936 4205 moi).
952 4141 984 4189 fr.
1001 4135 1027 4192 4.
1050 4135 1074 4196 ἓ.
1087 4135 1113 4187 2.
1133 4151 1157 4186 o.
1174 4132 1217 4187 29.
1234 4147 1274 4198 pr.
1293 4130 1322 4183 (t.
1342 4125 1394 4192 1,s

194 4213 243 4281 (ds
262 4207 411 4276 hereticis).
433 4228 456 4262 o.
474 4210 500 4264 3.
521 4212 549 4263 0.
571 4211 597 4275 1,
615 4209 633 4264 7
651 4210 698 4278 (de
716 4207 866 4280 apostatis).
886 4227 908 4263 c.
927 4207 953 4261 8.
971 4210 1000 4262 O.
1018 4206 1046 4271 6,
1064 4205 1099 4261 24
1116 4203 1172 4274 (qni
1188 4199 1312 4268 testam).
1332 4201 1392 4270 Suq.

192 4306 217 4340 υ.
227 4285 403 4420 3ξα1711ἕῖοζ2,
416 4284 450 4406 101
462 4281 505 4406 2ἓ2.
514 4281 589 4414 41941
688 4351 717 4418 4)
737 4353 766 4405 C.
786 4351 812 4417 3,
829 4350 854 4404 7.
877 4353 906 4405 0.
925 4351 950 4415 6,
968 4349 1003 4404 59
1022 4347 1070 4416 (de
1087 4347 1239 4400 communis
1255 4339 1382 4408 success.)

108 4481 110 4489 Α
228 4425 257 4492 b)
276 4427 417 4479 Sunthaec
435 4425 566 4491 forcipes
587 4424 705 4477 morsus
722 4425 814 4490 serbe,
832 4441 855 4477 o.
875 4423 899 4476 1.
920 4425 1003 4476 initio.

228 4497 255 4566 6)
273 4500 317 4550 Ex
336 4498 433 4552 cadem
449 4498 574 4560 Novella,
594 4512 616 4547 c.
635 4495 659 4547 1.
911 4525 915 4534 .
