3064 4966
580 333 660 372 ιιιιι
679 334 721 374 ru.
740 333 800 371 ou.
820 333 859 369 rr.
1264 325 1317 379 253

116 457 297 519 Maximiani
311 460 467 539 rescripto
489 459 626 535 iubetur,
650 476 714 539 quo
737 460 886 521 statuitur
894 459 938 543 ¹):
964 459 1058 536 ,item
1076 463 1202 524 maioris
1216 464 1321 543 pretii,

118 559 147 620 si
174 560 305 620 minoris
326 559 475 620 distructa
500 560 605 634 inerit,
628 579 644 622 a
668 561 845 634 venditore,
866 563 1000 640 pretium
1022 563 1210 624 restituente
1232 581 1323 644 emp-

120 660 196 734 tori,
221 677 317 738 posse
339 661 460 740 recipi,
483 662 545 722 nisi
568 661 703 742 elegerit
725 668 864 742 emptor,
886 661 970 742 quod
992 663 1083 724 deest
1102 664 1186 724 iusto
1208 665 1322 743 pretio,

117 760 250 823 addere.
294 759 397 822 iiinns
421 767 524 824 autem
549 765 683 843 pretium
707 763 828 838 videri,
859 765 886 824 si
915 782 974 826 neo
1003 764 1128 826 dimidia
1155 783 1229 844 pars
1251 767 1321 828 veri

118 863 214 942 pretii
237 862 339 924 solnta
370 864 440 923 sit“.
484 861 560 924 Cum
590 869 693 925 antem
721 863 850 926 brevior
876 867 918 924 sit
944 865 1038 926 buius
1067 867 1214 946 rescripti
1242 885 1322 930 oon-

118 965 246 1041 ceptio,
281 981 340 1024 nee
371 963 479 1024 verbis
511 963 594 1025 alius
628 965 860 1028 constitutionis
891 965 1071 1028 eorumdem
1101 967 1323 1047 imperatorum

118 1063 162 1146 (o.
178 1063 209 1126 8.
232 1062 267 1123 G.
282 1063 369 1150 eod.)
395 1063 584 1143 explicetur,
607 1082 711 1145 neque
733 1067 802 1126 eius
824 1068 905 1129 ratio
928 1069 1054 1130 omuino
1075 1068 1107 1128 in
1130 1073 1239 1148 aperto
1262 1071 1320 1130 sit:

118 1165 340 1244 interpretatio
365 1165 434 1226 eius
460 1163 565 1226 multis
586 1166 815 1245 questionibus
837 1184 928 1246 quam
952 1169 1086 1230 maxime
1109 1170 1324 1232 controversis

120 1282 229 1328 ansam
251 1265 396 1344 prebuit,
422 1283 502 1345 quas
525 1266 586 1328 boc
609 1265 680 1328 ioco
703 1267 864 1347 explicare
884 1267 1013 1350 longius
1036 1267 1135 1353 cstt).

162 1369 194 1447 §.
209 1366 282 1432 885.
327 1365 492 1445 Superest,
516 1372 550 1428 ut
571 1367 611 1428 de
634 1369 757 1430 actione
778 1366 830 1429 vel
853 1367 1028 1430 bereditate
1043 1369 1169 1431 vendita
1182 1369 1323 1450 quedam

118 1465 260 1528 dieamus
272 1468 311 1545 ³).

160 1567 201 1630 Et
222 1568 350 1648 quidem
373 1570 402 1631 si
424 1585 538 1630 nomeu
559 1567 742 1630 distractum
764 1571 822 1644 sit,
847 1568 994 1631 venditor
1015 1570 1169 1632 actionem
1192 1570 1325 1650 emptori

118 1669 237 1732 cedere
261 1669 357 1732 debet
379 1671 400 1731 i.
415 1688 454 1750 e.⁸
467 1687 537 1731 eum
550 1675 784 1750 procuratorem
807 1671 838 1731 in
861 1688 927 1730 rem
949 1687 1044 1732 suam·
1060 1671 1265 1746 constituere,
1290 1674 1325 1730 ut

118 1768 265 1832 mandata
298 1769 358 1832 sibi
381 1770 506 1832 actione
530 1787 569 1831 cx
598 1769 774 1833 venditoris
802 1788 937 1851 persona
967 1771 1122 1833 adversus
1152 1770 1325 1834 debitorem

119 1870 261 1950 experiri
295 1868 448 1954 possit4).
493 1870 632 1951 Emptori
665 1873 816 1946 nominis,
854 1873 945 1935 etiam
967 1873 1112 1954 pignoris
1145 1873 1325 1952 persecutio

117 1971 264 2051 prestari
291 1970 408 2047 debet,
443 1973 492 2032 ius
516 1989 643 2051 quoque
670 1973 754 2052 quod
782 1978 891 2052 postca
915 1973 1061 2035 venditor
1081 1973 1219 2054 accepit:
1255 1991 1324 2036 nam

118 2089 213 2134 omne
233 2071 420 2134 beneficium
447 2072 623 2134 venditoris
643 2072 774 2153 prodest
795 2075 928 2154 emptori
940 2073 979 2158 ⁶).

163 2177 195 2238 Si
223 2173 373 2236 venditor
396 2175 550 2236 actionem
574 2174 721 2236 mandare
743 2192 805 2236 non
829 2179 952 2255 potest,
982 2173 1117 2254 emptori
1139 2171 1247 2234 utilem
1269 2190 1326 2234 ac-

119 2281 239 2341 tionem
263 2293 304 2337 ex
326 2293 383 2339 sua
405 2293 540 2356 persona
563 2280 753 2355 competere,
778 2281 940 2356 receptum
963 2275 1062 2361 est⁶).
1161 2269 1165 2278 '
1229 2261 1235 2272 ’

161 2377 310 2456 Denique
325 2377 488 2439 sciendum
503 2382 563 2452 esi,
580 2377 715 2438 nominis
732 2375 927 2438 venditorem
943 2381 1095 2456 prestare
1112 2392 1174 2436 non
1189 2373 1325 2434 debere:

119 2476 313 2558 locupletem
339 2494 411 2540 esse
433 2476 626 2549 debitorem3
652 2493 725 2538 esse
744 2482 847 2538 autem
870 2475 1063 2553 debitorem,
1087 2480 1237 2556 prestare
1264 2474 1325 2534 de-

119 2581 212 2654 bere,
236 2579 297 2660 nisi
318 2576 404 2640 aliud
428 2577 614 2639 convenerit
626 2575 664 2662 ²).

165 2685 196 2762 §-
210 2679 282 2744 886.
327 2678 360 2739 ln
382 2679 506 2740 actione
528 2677 654 2738 vendita
677 2676 737 2738 boe
758 2676 921 2759 singulare
947 2675 984 2737 ab
1007 2675 1198 2755 imperatore
1219 2673 1325 2734 Anas-

126 2782 207 2844 tasio
232 2781 435 2842 constitutum
458 2784 524 2840 est:
558 2784 593 2838 ut
615 2778 643 2840 si
670 2777 817 2839 venditor
839 2795 897 2858 pro
924 2777 1037 2838 minori
1067 2792 1202 2850 summa,
1234 2788 1325 2852 qnam

121 2898 193 2961 quae
215 2885 264 2942 est
282 2881 313 2942 in
329 2881 464 2955 actione,
488 2877 757 2965 eamuendidcrit,
781 2883 981 2959 emptoream
997 2883 1113 2938 butum
1137 2891 1285 2937 summam
1307 2891 1325 2934 a

123 2981 269 3044 debitore
291 2982 442 3061 persequi
472 2981 589 3062 possit,
621 2997 712 3060 quam
735 2981 803 3060 ipse
827 2998 885 3061 pro
912 2980 1050 3060 prestita
1081 2977 1204 3040 actione
1231 2975 1325 3038 alteri

123 3081 313 3167 solveriti).

166 3185 198 3266 §-
211 3182 284 3247 887.
329 3179 404 3241 Cum
427 3179 633 3242 hereditatem
656 3181 727 3259 quis
749 3179 911 3255 vendidit,
943 3197 1014 3240 esse
1039 3177 1133 3240 debet
1154 3176 1324 3250 hereditas,

121 3291 159 3345 ut
182 3286 223 3346 sit
243 3282 371 3362 emptio,
393 3299 452 3341 nec
474 3281 556 3341 enim
578 3279 647 3341 alea
670 3281 793 3355 emitur,
814 3285 849 3341 ut
871 3280 902 3339 in
924 3280 1091 3340 venatione
1114 3282 1145 3338 et
1161 3279 1192 3338 in
1212 3275 1326 3337 simili-

123 3385 196 3461 buS,
219 3384 274 3446 sed
290 3399 364 3454 res3
389 3397 458 3461 que
477 3382 504 3442 si
520 3398 580 3442 non
599 3385 657 3455 est,
682 3397 743 3441 non
760 3380 955 3441 contrabitur
971 3381 1086 3458 emptio
1100 3377 1140 3464 ⁹).
1175 3374 1327 3436 Venditor

122 3503 177 3549 res
200 3482 404 3564 corporales,
435 3499 504 3562 que
524 3483 555 3542 in
578 3479 751 3542 hereditate
774 3485 865 3556 sunt,
895 3478 1020 3541 tradere
1044 3477 1154 3552 debet,
1184 3475 1326 3537 actiones
1421 3463 1424 3468 ’

121 3592 239 3662 autem,
262 3586 344 3646 sieut
366 3584 406 3660 is,
429 3584 483 3662 qui
506 3600 619 3645 nomen
642 3581 795 3658 vendidit,
818 3582 951 3662 emptori
975 3577 1185 3664 mandare¹⁰).

158 3799 187 3939 2)
207 3871 365 3923 cludetis
384 3871 599 3922 Commentarios
617 3884 689 3920 mooe
705 3866 755 3918 82.
772 3862 964 3933 pest-234.
987 3871 1013 3916 et
1031 3883 1054 3917 o.
1073 3863 1220 3929 Vooporoeo
1232 3860 1255 3922 ἓ.
1263 3859 1324 3912 611.

158 3943 188 4010 8)
207 3944 268 4009 Dig.
288 3940 366 4005 18,4.
387 3942 415 3994 Ο.
434 3938 460 4004 4,
478 3938 513 3993 38
532 3937 570 4007 (1.
591 3937 631 4005 t).
665 3939 810 3992 Exteneiuo
830 3939 864 3992 de
882 3939 934 3992 hoo
953 3939 1048 4006 loquor
1068 3935 1095 3986 in
1113 3936 1325 3987 Commentariis

119 4021 225 4069 mea'tt.
245 4015 307 4080 3.p
309 4012 378 4067 ..39
398 4027 454 4081 seq·

156 4084 420 4139 to.8.c...ht
521 4078 855 4147 5)rr.....625ont.

157 4158 174 4210 6
209 4158 239 4210 G.
258 4155 284 4209 8.
312 4155 341 4208 (i.
360 4157 403 4208 oit.
422 4157 469 4206 eir.
487 4156 519 4205 ir.
540 4153 564 4204 1.
583 4151 608 4204 2.
633 4155 667 4204 D.
687 4150 730 4216 14,
751 4150 768 4203 3
794 4150 841 4217 (de
861 4143 1058 4213 institerant).
1084 4148 1117 4199 ir.
1136 4143 1179 4198 13.
1198 4143 1222 4204 ἓ.
1242 4143 1268 4195 5.
1287 4146 1321 4195 D.

122 4231 168 4295 18,
188 4227 271 4294 1(de
293 4233 345 4278 aot.
364 4224 466 4294 empti).
486 4243 508 4278 o.
531 4223 556 4278 5.
577 4225 606 4276 O.
625 4222 652 4287 4,
672 4222 706 4274 15
724 4221 754 4291 (q
754 4223 847 4274 nando
868 4217 967 4284 flocus).

157 4299 252 4368 7)1“8
271 4299 296 4351 4
318 4299 432 4351 D.b.t.
532 4293 611 4361 8)o.
629 4259 671 4348 22.
693 4293 736 4346 23.
755 4295 784 4346 0.
804 4292 833 4356 4,
852 4288 1060 4358 emmanuet).

158 4369 186 4437 9)
208 4373 251 4424 Fr.
269 4369 294 4422 7.
314 4371 394 4424 1),1.
412 4365 507 4432 8,(18
524 4364 563 4432 4).
581 4369 627 4418 eir.
645 4372 736 4416 tamen
753 4367 786 4416 fr
805 4362 831 4416 8
836 4364 911 4416 -.12
931 4365 964 4414 D.
982 4363 1009 4412 h
1029 4369 1047 4413 t

140 4441 187 4509 10)
207 4445 250 4494 18
270 4441 296 4494 2.
316 4439 385 4501 82.
406 4438 498 4493 881
519 4438 541 4498 8
562 4437 586 4488 1.
605 4440 638 4489 D.
657 4439 683 4490 1.
702 4442 721 4491 t
759 4437 841 4488 Plura
862 4436 896 4488 de
917 4434 1067 4490 hereditate
1087 4429 1196 4486 vendite
1214 4426 1323 4476 modun

122 4516 260 4568 turinir.
278 4512 304 4566 2.
322 4514 403 4564 Db
