3098 4966
548 314 670 355 tunsum.
689 313 799 354 raasu.
818 313 878 352 cnr.
896 315 937 356 ru.
1282 306 1334 362 157

129 441 228 504 tione.
273 443 305 506 Si
327 460 406 505 vero
426 444 464 505 ab
487 449 638 506 extraneo
661 444 920 524 scriptumiuerit
942 446 1195 522 instrumentum,
1220 465 1333 511 nomen

129 561 224 608 suum
247 549 380 607 testator
403 543 598 620 subscribat,
632 543 685 606 vel
709 551 839 608 octavus
862 546 1059 626 subscriptor
1082 546 1240 612 adhibitus
1264 552 1333 613 eius

129 647 270 722 nomine,
296 648 323 708 si
344 646 414 725 ipse
435 644 637 707 subscribere
661 661 724 707 non
746 651 852 726 potest
865 646 903 730 1).

50 819 52 824 ,
174 748 287 830 psas.
330 745 397 808 Hoc
419 750 638 808 testamentum
658 745 793 808 testibus
826 745 921 807 debet
952 746 1091 808 submitti
1121 747 1160 808 ad
1189 748 1335 811 subseri-

128 850 269 912 beudum
290 855 322 912 et
344 848 545 932 signandum,
569 854 603 910 ut
624 848 740 910 tabulis
764 849 943 910 testamenti
966 847 1115 909 annulum
1138 849 1316 928 imprimant
1324 869 1333 925 3
1365 887 1381 898 ι

129 949 190 1012 sed
213 949 291 1011 nibil
311 950 455 1025 interest,
476 967 540 1030 quo
562 949 679 1011 annulo
702 949 891 1031 subsignant
899 967 907 1022 3
937 955 1041 1010 utrum
1063 965 1121 1010 suo
1144 953 1272 1029 proprio
1295 971 1335 1014 an

128 1050 248 1125 alieno,
269 1067 342 1111 num
365 1050 495 1113 diverso
516 1050 745 1130 unusquisque,
767 1066 806 1110 an
828 1047 938 1110 eodem
963 1065 1070 1110 omnes
1086 1047 1124 1135 ²).

176 1154 209 1234 §.
225 1151 297 1217 550.
342 1150 522 1231 Siquidem
547 1150 739 1212 voluntatem
762 1166 849 1211 suam
880 1149 994 1210 nemini
1018 1153 1121 1210 notam
1144 1149 1212 1212 fieri
1235 1155 1336 1214 testa·
1400 1141 1404 1152 ’

130 1259 183 1316 tor
205 1251 361 1327 voluerit,
395 1251 613 1332 consignatam
635 1249 688 1312 vel
711 1249 838 1332 ligatam
860 1249 959 1330 ipsius
989 1268 1082 1312 manu
1113 1251 1165 1313 vel
1198 1241 1335 1315 claudam

130 1353 349 1416 involutamve
383 1352 529 1432 proferre
559 1353 746 1431 scripturam
775 1356 879 1432 potest
909 1351 962 1413 vel
996 1351 1166 1413 cuiuslibet
1195 1355 1337 1416 extranei

131 1457 352 1538 perscriptam,
375 1452 559 1516 declarans:
583 1473 619 1516 ea
641 1459 857 1516 testamentum
879 1470 969 1516 suum
993 1453 1166 1528 contineri3
1195 1471 1286 1534 quam
1310 1457 1338 1516 si

132 1561 234 1618 testes
251 1553 343 1616 simul
357 1556 627 1638 consignaverint,
647 1556 836 1635 nominaque
852 1555 1097 1634 adscripserint3
1121 1559 1152 1616 et
1169 1555 1236 1634 ipse
1251 1573 1334 1636 quo-

133 1672 198 1736 quo
223 1660 356 1718 testator
377 1655 602 1736 subscripserit
625 1674 737 1718 nomen
759 1673 860 1734 suum,
885 1655 1023 1724 validum
1046 1663 1212 1736 ratumque
1234 1657 1337 1738 criti).

175 1758 207 1836 5.
216 1755 288 1822 551.
331 1754 417 1817 Finis
431 1757 608 1818 testamenti
619 1756 870 1838 subscriptiones
884 1764 915 1820 et
925 1756 1089 1840 signacula
1106 1758 1233 1820 testium
1246 1762 1320 1818 sunt
1329 1775 1338 1832 ;

63 1863 65 1866 ’
133 1871 207 1936 que
231 1856 377 1935 quamdiu
400 1855 523 1932 absunt,
547 1855 698 1919 infectum
721 1862 940 1920 testamentum
960 1857 1054 1919 debet
1077 1856 1237 1942 haber14).

177 1961 208 2039 §.
221 1956 293 2024 552.
339 1954 416 2018 Cum
443 1955 566 2018 duobus
600 1955 789 2035 pluribusve
827 1958 1022 2020 testamentis
1057 1975 1148 2020 nemo
1178 1957 1338 2020 decedere

132 2065 257 2142 potest:
295 2061 340 2123 nil
366 2077 445 2122 vero
474 2059 620 2140 impedit,
652 2077 715 2139 quo
746 2061 848 2123 minus
881 2059 1021 2122 eiusdem
1043 2059 1221 2121 testamenti
1245 2058 1338 2138 plura

135 2137 327 2241 exemplaria
362 2161 584 2236 conficiantur3
616 2161 782 2225 dummodo
814 2164 915 2226 omnia
942 2162 1131 2242 exemplaria
1162 2142 1337 2223 secundum

135 2267 296 2342 receptam
323 2261 579 2324 observationem
602 2260 693 2339 liant,
721 2281 780 2325 nec
804 2281 900 2325 unum
924 2263 1013 2343 quasi
1036 2267 1255 2324 testamentum
1277 2263 1337 2338 sit,

135 2359 270 2424 alterum
294 2362 385 2441 quasi
408 2361 583 2441 exemplum
595 2361 650 2450 ⁶).·

180 2461 309 2546 §.5539
338 2461 412 2524 Haec
434 2462 559 2542 quidem
581 2462 620 2524 de
643 2463 848 2539 testamentis,
871 2481 941 2544 quae
964 2465 1091 2544 scriptis
1115 2464 1336 2527 coniiciuntur.

133 2563 168 2629 Si
191 2565 262 2644 quis
276 2603 280 2614 ·
296 2569 399 2626 autem
428 2563 498 2625 sine
526 2563 653 2643 scriptis
679 2559 897 2626 testamentum
923 2564 1068 2627 ordinare
1090 2566 1185 2642 velit,
1208 2563 1337 2640 suflicit,

134 2669 170 2725 ut
193 2681 297 2726 coram
318 2669 439 2744 septem
464 2664 598 2726 testibus
622 2681 693 2725 eum
714 2665 895 2726 videntibus
910 2665 1103 2728 voluntatem
1117 2683 1204 2728 suam
1225 2665 1337 2746 palam,

134 2771 171 2826 ut
193 2765 335 2827 exaudiri
357 2765 395 2827 ab
418 2765 457 2828 iis
474 2766 574 2846 possit
596 2770 627 2826 et
643 2764 791 2847 intelligi,
812 2763 963 2843 declaret,
990 2781 1052 2846 quo
1065 2765 1148 2828 lacto
1170 2783 1337 2847 nuncupa-

133 2871 199 2927 tum
222 2865 283 2929 boc
304 2870 522 2930 testamentum
544 2866 664 2927 lirmum
685 2867 924 2948 perlectumque
948 2872 1006 2930 est.
1030 2866 1260 2947 Testamentum
1283 2866 1339 2929 tali

57 2969 75 2994 ⁸
133 2966 228 3030 modo
251 2983 310 3046 per
333 2955 597 3048 nuncupationem
619 2965 732 3028 lactum
753 2985 817 3029 non
839 2973 975 3029 mutatur
996 2986 1056 3029 nec
1085 2967 1258 3032 inlirmatur
1279 2985 1337 3030 suo

135 3067 267 3144 robore,
281 3068 411 3130 'etiamsi
433 3074 542 3149 postea
565 3071 597 3132 in
618 3070 805 3151 scripturam
824 3068 985 3131 redactum
1010 3068 1157 3154 fueritt).

134 3273 205 3325 TIT·
224 3272 272 3325 111.
307 3273 356 3324 DE
384 3271 564 3335 MILITARI,
588 3270 760 3334 ALIISQUE
780 3269 1060 3324 PRIVILEGIARIIS
1082 3267 1340 3321 TESTAMENTIS.

176 3425 208 3504 5.
221 3419 293 3488 554.
338 3420 547 3485 Soleunitates
570 3415 845 3497 testamentorum,
869 3418 909 3480 de
931 3419 1046 3500 quibus
1068 3417 1171 3480 adbuc
1191 3415 1338 3490 diximus,

134 3519 299 3586 nonnullis
325 3524 470 3601 personis
502 3521 554 3583 vel
580 3522 613 3582 in
643 3520 831 3601 quibusdam
856 3520 981 3584 casibus
1010 3520 1150 3583 remisse
1182 3515 1256 3580 sunt
1282 3535 1340 3598 per

134 3623 375 3686 constitutiones
397 3623 629 3702 imperatorum.

181 3723 212 3804 5.
225 3721 297 3788 555.
342 3719 382 3782 Et
406 3721 555 3783 militibus
584 3720 710 3802 quidem
743 3723 803 3785 iarn
829 3739 888 3802 per
916 3719 1029 3783 lulium
1052 3718 1207 3782 Caesarem
1239 3720 1339 3783 libera

136 3838 330 3902 quoeunque
351 3822 456 3886 modo·
474 3823 609 3885 testandi
637 3822 769 3886 facultas
794 3824 862 3884 erat
883 3821 972 3898 data,
999 3838 1074 3901 quae
1101 3839 1158 3901 per
1179 3821 1341 3900 posterio-

132 3939 205 3984 rum
224 3923 400 4003 principum
422 3924 662 3986 constitutiones
684 3929 774 3986 aucta
801 3929 833 3984 et
853 3922 992 3998 firmata,
1017 3940 1034 3983 a
1058 3920 1231 3983 Iustiniano
1254 3938 1338 4002 quo-

135 4041 199 4105 que
221 4025 421 4106 comprobata
445 4030 504 4087 est.
528 4023 716 4088 Permissum
737 4025 836 4106 igitur
858 4029 907 4086 est
919 4022 1081 4100 militibus,
1103 4023 1339 4104 quoquomodo

171 4259 200 4328 1)
271 4261 315 4315 28.
336 4263 360 4324 5.
380 4263 404 4316 1.
425 4265 455 4317 O.
473 4264 500 4314 h.
519 4270 537 4315 t.
557 4281 579 4316 o.
600 4262 643 4316 21.
662 4281 702 4331 pr.
724 4263 754 4316 0.
774 4263 833 4315 eod.

169 4333 186 4386 2
261 4333 287 4388 5.
305 4336 327 4386 Ι.
340 4336 376 4388 ib.
396 4339 428 4388 ir.
448 4335 490 4387 22.
509 4335 532 4394 5.
552 4335 576 4386 2.
596 4333 621 4387 5.
639 4334 673 4386 D.
694 4337 721 4384 h.
740 4340 758 4385 t.
859 4329 888 4398 3)
908 4333 937 4385 O.
956 4331 999 4387 21.
1019 4351 1059 4400 pr.
1078 4333 1107 4386 O.
1125 4334 1152 4383 h.
1171 4337 1190 4384 t.

169 4402 188 4455 4
271 4405 314 4459 21.
334 4408 376 4458 cit.
478 4403 507 4472 5)
528 4405 550 4466 5.
571 4403 613 4459 13.
632 4407 652 4458 1.
673 4407 700 4458 h.
718 4410 736 4457 t.
755 4408 787 4456 fr.
809 4402 852 4458 24.
870 4407 903 4456 D.
922 4407 949 4457 b.
967 4409 986 4456 t.

170 4475 187 4526 6
262 4474 306 4529 14.
326 4479 346 4530 1.
366 4479 393 4530 h.
412 4482 430 4530 t.
447 4479 478 4530 t'r.
496 4477 538 4530 21.
559 4495 597 4545 pr.
618 4479 651 4530 D.
671 4479 732 4530 eod.
754 4494 776 4529 o.
794 4475 837 4528 21.
857 4475 881 4536 5.
899 4473 925 4528 4.
945 4493 968 4528 o.
988 4474 1031 4530 26.
1052 4475 1081 4528 0.
1100 4475 1160 4528 aot.

222 4262 252 4314 0.

218 4331 242 4392 ἓ.

222 4405 252 4457 O.

218 4474 241 4534 5.

189 4471 199 4538 l
