3064 4966
196 321 248 380 172
514 331 713 372 rrrrrrurrorrs
732 333 806 372 rurrn
826 335 930 380 ιοωι
949 289 1072 375 atrurn.

196 467 348 530 nisibrrir
360 465 443 540 novi,
469 483 539 546 quae
561 464 688 542 dicitur,
712 463 837 528 auilites
857 465 992 528 admissa
1015 471 1075 542 est,
1098 467 1219 528 etiamsi
1241 473 1320 528 snus
1333 467 1397 528 he-

166 553 171 560 *
194 585 247 630 res
261 569 315 632 vel
331 568 543 648 emancipatus
562 569 742 646 praeteritus
765 570 816 630 sit.
859 567 903 630 Ea
922 567 996 651 lege
1012 569 1093 629 enim
1118 567 1245 631 beredis
1267 569 1400 634 institu-

198 670 241 734 tio
264 669 389 749 quidem
404 669 497 750 plane
518 668 640 731 inutilis
655 675 715 745 est,
738 675 844 732 cetera
866 688 944 732 vero
966 671 1144 732 testamenti
1165 671 1266 750 capita
1282 671 1314 732 in
1338 686 1400 733 suo

197 771 313 834 robore
325 777 517 851 permanent.
542 769 627 832 idem
638 771 716 832 iuris
738 777 797 848 cst,
821 773 849 834 si
861 770 914 833 rel
929 772 989 834 alla
1004 789 1097 834 causa
1123 788 1272 852 expressa
1292 772 1400 846 buerit,

197 889 288 952 quarn
311 889 381 952 quar
406 891 423 934 a
450 871 623 934 lustiniano
647 889 705 952 pro
728 871 868 954 legitima
895 871 1052 934 declarata
1081 873 1139 948 sit,
1173 870 1226 932 vel
1256 871 1283 932 si
1315 869 1398 932 falsa

197 989 292 1036 causa
315 971 553 1034 exheredationi
574 971 695 1034 adiecta
717 972 814 1034 tuerit
844 973 865 1034 i.
887 991 915 1035 e.
939 991 987 1049 ea,
1009 989 1099 1054 quam
1120 972 1397 1034 heresinstitutus

123 1079 126 1084 '
202 1075 337 1136 veritate
359 1075 426 1150 niti,
450 1073 585 1152 probare
609 1090 671 1135 non
694 1074 885 1158 potuerit1).

241 1193 271 1271 ἕ.
284 1187 358 1254 608.
402 1187 612 1250 Exheredatio
634 1187 722 1250 utilis
746 1207 809 1251 non
830 1183 896 1266 e‘st,
925 1190 986 1251 nisi
1007 1190 1040 1250 in
1062 1193 1267 1264 testamento,
1297 1206 1312 1249 a
1336 1191 1401 1252 tota

200 1289 382 1353 hereditate
404 1289 442 1352 ab
466 1290 611 1351 omnibus
634 1289 785 1370 gradibus
810 1297 841 1352 et
864 1309 881 1352 e
906 1289 1018 1372 regula
1041 1307 1120 1369 pure
1149 1290 1228 1351 facta
1251 1289 1310 1364 sit,
1339 1289 1401 1350 nisi

197 1392 231 1452 in
250 1391 409 1453 delectum
427 1389 616 1452 conditionis
639 1392 793 1454 institutio
816 1391 980 1453 adiicietur
992 1390 1029 1476 2).
1067 1391 1151 1452 lusta
1166 1396 1215 1451 est
1228 1389 1402 1470 praeteritio

202 1491 256 1553 uel
281 1489 485 1554 exheredatio
509 1493 569 1552 rite
592 1489 690 1568 facta,
725 1493 752 1553 si
773 1497 903 1572 propter
924 1491 1082 1574 legitimas
1105 1507 1217 1552 causas
1242 1509 1308 1553 earn
1332 1507 1403 1552 me-

202 1594 325 1654 ruerint
346 1592 439 1654 liberi
464 1591 516 1654 vel
539 1599 698 1672 parentes.
743 1592 862 1656 Causas
884 1592 1040 1674 singulas,
1066 1609 1197 1672 quarunt
1211 1592 1242 1652 in
1255 1590 1403 1670 personis
1435 1623 1448 1644 .

201 1693 376 1754 liberorum
399 1693 645 1772 quatuordecim,
669 1695 700 1754 in
723 1693 907 1773 parentibus
932 1711 1008 1775 erga
1033 1691 1151 1755 liberos
1167 1697 1238 1754 octo
1252 1691 1404 1752 iustinia-

201 1810 260 1856 nus
282 1811 339 1874 pro
362 1792 513 1874 legitimis
535 1777 727 1870 declaravit,
753 1793 906 1855 hocloco
929 1809 1115 1854 enumerare
1135 1790 1299 1868 nolumus,
1333 1807 1404 1854 oum

202 1913 242 1957 ex
262 1898 331 1974 ipsa
349 1891 482 1955 Novella
506 1893 653 1954 facillime
675 1893 929 1980 addiscanturi).
973 1887 1143 1954 Nu'merum
1164 1907 1272 1954 corum
1291 1893 1404 1974 augeri

201 2013 264 2058 non
287 2011 393 2075 posse,
419 1994 619 2055 strictissime
642 1993 833 2056 iustinianus
854 1997 1015 2075 precepit.

194 2108 198 2118 '
242 2116 272 2194 §-
288 2111 360 2176 609.
404 2111 534 2191 Propter
560 2112 615 2172 bas
638 2113 739 2193 igitur
760 2129 871 2174 causas
895 2111 987 2174 liberi
1009 2111 1059 2172 vel
1081 2115 1229 2190 parentes
1254 2111 1314 2171 rite
1345 2125 1407 2170 ex-

201 2211 394 2274 heredantur
415 2211 466 2272 vel
490 2217 739 2292 praetereuntur3
764 2213 820 2274 sed
842 2211 921 2274 illud
939 2213 1029 2274 etiarn
1045 2211 1282 2286 admittendum,
1304 2229 1407 2291 prop-

201 2317 251 2374 ter
275 2311 399 2374 casdem
425 2325 535 2376 causas
558 2315 669 2378 iisdem
701 2323 732 2378 et
755 2315 926 2398 legitimam
953 2317 1129 2395 portionem
1154 2311 1277 2375 detrahi
1297 2328 1406 2391 posse,

202 2429 388 2492 quamquam
411 2413 601 2479 iustinianus
624 2415 655 2478 id
679 2418 838 2497 expressis
865 2416 969 2478 verbis
992 2433 1055 2476 non
1079 2415 1236 2476 statuerit.

245 2511 370 2577 Fratres
395 2515 447 2576 uel
469 2532 597 2577 sorores
621 2519 849 2600 consanguinei
875 2522 907 2578 et
936 2517 1094 2599 germani,
1117 2517 1200 2577 iuste
1225 2515 1407 2578 excludun-

203 2619 255 2674 tur
277 2613 314 2675 ab
337 2614 512 2676 hereditate
535 2615 640 2678 fratris
674 2624 803 2698 propter
831 2617 989 2700 ingratum
1020 2617 1152 2678 animum
1182 2615 1234 2678 vel
1264 2615 1357 2677 etiarn
1378 2617 1407 2678 si

203 2715 322 2794 inpari
345 2713 555 2794 turpitudine,
577 2733 638 2796 qua
661 2718 789 2780 heredis
811 2719 945 2780 instituti
965 2734 1111 2798 persona,
1133 2721 1313 2780 versantur.

245 2831 275 2911 ξ.
289 2825 361 2894 610.
407 2831 558 2894 ceterum
581 2832 731 2896 militibus
756 2853 884 2915 quoquo
908 2833 999 2896 modo
1014 2834 1200 2896 testantibus
1218 2849 1406 2896 concessum

204 2933 270 2991 est:
296 2934 331 2990 ut
355 2936 538 2996 testamenta
561 2951 668 2996 eorum
692 2953 816 3018 semper
839 2935 976 3013 valeant,
1000 2951 1069 3016 quae
1084 2937 1110 2997 si
1126 2935 1242 3017 pagani
1259 2933 1406 3008 fuissent,

211 3102 409 3116 ιι-ι-ι-..μ-,Π

242 3238 270 3304 3)
290 3243 357 3294 Nor.
378 3239 438 3294 115.
458 3259 480 3295 c.
502 3241 527 3294 3.
545 3243 573 3294 in
592 3246 610 3295 t.
630 3261 652 3296 c.
669 3243 694 3296 4.
716 3262 738 3296 e.
758 3243 782 3297 5.
803 3245 885 3296 initio.
905 3247 962 3296 Iam
981 3261 998 3296 a
1019 3245 1204 3297 Glossatorum
1221 3243 1285 3296 inde
1306 3246 1407 3307 tempo-

207 3313 281 3364 ribus
306 3315 461 3380 interpretes
490 3315 523 3366 de
548 3331 579 3366 eo
605 3317 805 3382 disceptabant,
824 3321 911 3368 utrum
930 3317 1044 3368 Novella
1065 3317 1144 3368 CXV.
1163 3315 1315 3368 necessario
1333 3313 1407 3363 insti-

207 3385 314 3437 tuendis
334 3401 351 3436 ε
369 3388 541 3440 testatoribus
560 3403 622 3438 vero
641 3389 769 3454 neglectis
794 3390 916 3454 personis
939 3405 1039 3440 novum
1062 3389 1127 3440 iuris
1152 3387 1300 3440 remedium
1327 3385 1408 3436 intro-

209 3457 326 3518 ductum,
346 3473 381 3507 an
399 3459 539 3510 inofficiosi
563 3459 713 3510 testamenti
732 3461 841 3526 querela
865 3456 979 3522 servata,
1002 3461 1050 3512 sed
1073 3461 1144 3528 quod
1169 3459 1280 3510 adeius
1303 3456 1356 3505 vim
1382 3461 1408 3506 et

208 3527 331 3579 effectum
351 3529 453 3591 attinet,
473 3533 617 3581 reformata
640 3529 691 3580 sit‘t
737 3531 802 3592 Quae
820 3529 1000 3582 controversia
1024 3537 1114 3583 nostra
1136 3545 1242 3599 quoque
1267 3531 1345 3578 aetate
1362 3541 1407 3576 re-

205 3600 344 3650 hementer
360 3600 469 3664 agitata,
486 3605 547 3666 post
564 3615 663 3652 noram
677 3601 796 3652 Novella
814 3602 1058 3667 interpretationem
1077 3618 1094 3652 a
1115 3601 1321 3654 notabilioribus
1341 3597 1404 3649 Ger·

205 3671 300 3736 maniae
319 3669 388 3720 IGtis
407 3673 488 3722 veluti
507 3674 680 3734 Blontscblr',
709 3671 849 3736 Francke,
873 3673 1000 3736 Pocbtu,
1023 3673 1225 3726 Mitblcnbrueb
1243 3671 1408 3738 propositam

204 3740 395 3792 inextricabilis
415 3744 471 3794 fere
491 3743 585 3794 effecta
604 3747 650 3793 est.
688 3742 796 3794 Summa
815 3745 884 3796 enim
899 3749 939 3796 est
952 3746 1186 3810 pugnaueriarum
1203 3743 1236 3794 de
1254 3745 1306 3793 hac
1324 3757 1408 3808 quaes-

206 3811 278 3866 tione
296 3812 365 3862 inter
384 3828 412 3863 se
432 3812 639 3879 discrepantium
659 3814 825 3878 opinionum:
850 3819 936 3865 utrum
955 3816 1071 3867 Nov‘ella
1091 3817 1245 3867 universum
1269 3815 1410 3865 insuetus

206 3882 277 3934 circa
295 3883 519 3936 exheredationes
539 3891 564 3934 et
578 3886 767 3950 praeteritiones
786 3887 932 3939 liberorum
950 3891 1111 3953 abrogatum
1131 3889 1179 3950 sit,
1205 3901 1242 3936 an
1257 3900 1329 3936 nors
1342 3887 1410 3934 tan-

207 3958 264 4004 tum
286 3954 310 4003 ei
329 3955 417 4019 capita
428 3956 479 4006 sint
501 3956 615 4007 addita?
652 3959 829 4008 Posteriorem
841 3959 926 4009 'huius
946 3960 1129 4010 controversiae
1146 3957 1330 4008 »ransidonem
1344 3969 1409 4004 auo-

205 4029 246 4075 tor
268 4024 347 4076 huius
365 4025 425 4076 libri
445 4027 589 4078 defendere
608 4029 725 4091 studuit,
749 4030 777 4078 in
796 4033 1005 4081 Commentariis
1023 4030 1076 4080 suis
1094 4033 1113 4080 t.
1123 4030 1169 4080 111.
1181 4027 1212 4086 b.
1221 4023 1409 4080 1031m1033.

205 4095 338 4162 simulque
358 4102 497 4148 auctorum
515 4096 682 4162 sententiam,
702 4099 747 4167 qui
766 4105 880 4164 negant:
904 4101 1017 4152 Novella
1027 4101 1107 4152 CXV.
1126 4099 1272 4168 quidquam
1292 4097 1325 4148 de
1345 4113 1410 4164 qne-

206 4167 263 4217 rela
283 4167 424 4220 inofficiosi
443 4170 593 4222 testamenti
611 4171 698 4223 statui.
735 4171 868 4222 Eamdem
887 4172 1055 4234 sententiam,
1072 4172 1228 4238 interpretes
1246 4169 1412 4220 recentiores

205 4253 261 4288 non
278 4239 374 4290 frustra
392 4241 553 4306 impugnans
573 4246 599 4292 et
617 4246 701 4292 totam
712 4243 919 4294 controversiam
934 4243 1097 4294 lucidissime
1117 4243 1263 4304 illustrans,
1284 4239 1408 4292 defendit

206 4327 231 4361 v.
256 4307 413 4374 Vonperow,
434 4311 578 4363 Lebrtncb
597 4310 621 4370 §-
640 4308 792 4364 485-486.

173 4407 176 4413 ·
241 4375 268 4444 1)
288 4382 350 4446 Arg.
370 4383 402 4431 lr.
422 4380 448 4434 3.
465 4399 504 4448 pr.
526 4381 548 4440 ἓ.
571 4381 595 4434 1.
615 4385 647 4433 ir.
667 4382 709 4436 19.
728 4385 761 4434 D.
780 4385 806 4434 h.
826 4389 852 4434 t:
872 4385 963 4436 Potest
980 4383 1194 4436 conditionaliter
1218 4381 1275 4434 fieri
1295 4381 1412 4433 exhere-

208 4451 280 4502 datio
300 4451 396 4502 eodem
415 4453 497 4504 modo
516 4468 549 4503 ao
566 4453 703 4504 institutio.

247 4518 276 4586 2)
299 4522 496 4584 Enumsrsntur
513 4524 541 4576 in
551 4525 758 4580 Commentariis
766 4525 841 4589 mets,
857 4527 973 4579 tomlll.
993 4529 1017 4590 ξ.
1025 4521 1210 4584 totos-ross
1223 4542 1249 4592 p.
1258 4518 1413 4590 tiltrtffi.
