3064 4966
616 307 746 349 urrann.
771 305 855 348 utar.
881 255 888 266 ι
1284 295 1339 350 225

135 459 232 504 causa
260 442 406 521 suberat,
439 447 601 520 pactorum
624 446 748 506 nomine
772 442 889 505 nullam
917 443 1088 520 actionem,
1120 441 1337 520 exceptionem

134 562 215 624 vero
237 543 451 629 pariebant1).
495 543 606 606 Postea
621 563 689 606 cum
710 547 850 625 pretorii
872 545 951 606 iuris
975 545 1131 606 crevisset
1154 545 1337 620 auctoritas,

135 663 176 707 ex
199 644 384 724 quibusdam
406 639 506 725 pactis
534 646 566 706 in
594 663 760 729 personam
791 647 931 707 actiones
961 645 1135 720 dabantur,
1167 661 1236 724 quae
1265 645 1338 706 inde

137 743 233 807 bodie
261 749 358 823 pacto
381 745 536 823 praetorto
565 743 735 826 appellant.
778 746 956 808 Accessere
986 745 1035 806 bis
1064 747 1235 808 novissime
1267 727 1339 820 alia,

137 863 209 926 quae
230 847 453 926 imperatorum
473 845 749 907 constitutionibus
774 845 920 907 civiliter
935 845 1123 933 obligatoria
1150 845 1229 918 lacta
1255 851 1340 922 sunt,

135 945 298 1026 hodieque
317 945 449 1026 lepttimo
466 951 563 1025 puoto
582 948 791 1008 nominantur.
1312 968 1317 976 1

177 1047 275 1110 lidem
301 1054 334 1110 et
361 1065 400 1109 ex
422 1046 704 1128 pollicitationibus
727 1044 897 1126 aliquando
921 1063 979 1109 nos
1003 1047 1139 1130 obligari
1163 1049 1340 1111 constitue-

134 1147 264 1236 runt2).
1430 1229 1435 1238 Ι

178 1252 209 1330 ξ.
225 1249 294 1312 779.
338 1249 384 1310 Ex
409 1250 565 1313 maleficio
590 1253 660 1313 sive
682 1251 798 1314 delicto
822 1250 1017 1334 obligemur,
1051 1251 1079 1312 si
1108 1250 1238 1313 alterius
1265 1267 1341 1330 per-

135 1363 223 1412 sone
245 1348 297 1410 vel
319 1347 410 1412 bonis
432 1350 578 1413 iaciendo
600 1351 743 1414 damnum
767 1351 948 1424 intullrnus3
971 1351 1100 1431 proprio
1123 1351 1193 1412 lure
1218 1367 1258 1413 ex
1280 1369 1340 1412 va-

134 1449 193 1512 riis
223 1466 387 1514 causarum
418 1449 549 1533 liguris,
581 1454 670 1531 quasi
701 1469 741 1514 ex
772 1457 936 1514 connaotu
966 1457 998 1514 et
1025 1453 1116 1532 quasi
1145 1469 1185 1513 ex
1213 1450 1339 1516 delicto.

135 1549 294 1613 Praeterea
316 1557 419 1613 tamen
443 1558 475 1613 et
496 1553 565 1616 alie
590 1552 729 1632 quedam
752 1559 826 1614 sunt
847 1551 1074 1634 obligationum
1096 1567 1199 1614 causae
1213 1571 1252 1615 ex
1271 1556 1341 1616 lure

135 1652 234 1728 civili,
261 1651 359 1714 veluti
375 1651 413 1714 ed
428 1653 572 1716 alimenta
585 1652 695 1716 liberis
717 1652 893 1734 prestanda
913 1651 965 1714 vel
987 1651 1025 1714 ad
1044 1651 1147 1716 dotem
1167 1654 1239 1716 liliae
1259 1671 1339 1716 con-

136 1751 347 1837 stituendam,
380 1753 532 1834 aliaeque,
565 1772 634 1834 quae
661 1773 720 1817 nec
742 1755 832 1834 quasi
861 1771 900 1816 ex
922 1759 1085 1816 contractu
1107 1773 1167 1816 nec
1189 1754 1280 1834 quasi
1301 1771 1342 1815 ex

135 1829 256 1920 delicto
276 1855 478 1935 proveniunt.

178 1959 208 2038 ξ.
221 1955 291 2020 780
337 1955 415 2018 Sunt
437 1955 529 2016 etiam
553 1953 709 2018 Praetoriae
729 1955 954 2038 obligationes,
979 1973 1049 2036 quae
1071 1975 1110 2019 ex
1125 1901 1248 2019 delictis
1263 1974 1339 2020 nas·-

137 2061 273 2130 cuntur3
299 2055 423 2135 quando
448 2055 599 2117 scilicet
591 2074 622 2117 m
644 2055 748 2118 edicto
767 2055 912 2118 Praetoris
935 2075 975 2118 ex
991 2056 1106 2144 delicto
1125 2059 1207 2120 actio
1223 2075 1343 2138 propo-

134 2157 195 2218 sita
221 2161 280 2218 est.
303 2154 520 2218 Praetoriarum
542 2158 698 2220 actionum
722 2156 863 2236 quaedam
886 2158 918 2217 in
940 2158 1097 2239 integrum
1111 2159 1340 2220 restitutionem

138 2254 449 2320 continentioris
479 2254 616 2334 denique
644 2256 827 2332 interdicte,
858 2275 916 2338 pro
944 2257 1057 2336 quibus
1078 2259 1251 2322 nouissimo
1274 2260 1344 2320 iure

134 2358 278 2422 actiones
312 2361 519 2432 exercentur,
560 2357 643 2418 inter
679 2355 904 2439 obligationum
940 2375 1052 2420 causas
1090 2360 1160 2420 iure
1193 2365 1343 2439 pretorio

135 2459 274 2524 sancitas
304 2453 419 2520 referri
443 2433 568 2518 debeat.
613 2455 689 2518 Nam
723 2458 904 2536 quicunque
936 2456 1096 2537 personali
1126 2459 1251 2520 actione
1281 2459 1343 2521 all-

137 2577 233 2640 qucur
259 2559 439 2622 devinctum
462 2559 521 2620 sibi
544 2559 648 2634 babet,
670 2573 784 2621 revera
808 2561 877 2622 eius
898 2559 1038 2622 creditor
1060 2559 1160 2646 ew).

180 2665 210 2743 ς.
223 2660 294 2724 781.
338 2659 479 2722 lloribus
501 2661 706 2740 populorum,
730 2662 811 2743 apud
835 2679 914 2743 quos
937 2667 1100 2742 receptum
1124 2665 1172 2722 est
1193 2646 1242 2722 ius
1269 2659 1341 2721 lue-

137 2762 321 2837 tiuianeum‚
346 2741 551 2824 constitutum
575 2769 633 2839 est,
656 2768 691 2823 ut
707 2781 747 2824 ax
763 2763 833 2825 aliis
850 2765 966 2839 causis,
990 2777 1060 2840 que
1073 2761 1245 2840 antiquitus
1260 2778 1342 2822 non-

20 2923 22 2932 ,
136 2863 200 2928 nisi
213 2861 432 2942 exceptionem
452 2863 623 2942 pariebant,
648 2863 861 2946 obligationes
878 2864 1058 2926 orirentur:
1080 2860 1164 2923 unde
1176 2877 1216 2923 cx
1229 2862 1341 2941 quavis

108 2948 286 3041 'pactione
317 2959 379 3026 rite
404 2968 578 3039 conventa,
609 2965 692 3026 actio
723 2964 956 3026 concedebatur
986 2965 1006 3024 i.
1029 2961 1164 3025 amato
1193 2981 1234 3024 ec
1260 2959 1342 3024 audo

1 3081 27 3125 n·
136 3066 234 3140 pecto
256 3058 357 3123 datur.
395 3061 481 3124 ¹Hinc
502 3062 616 3125 factum
640 3074 706 3141 est,
729 3071 764 3126 ut
781 3067 813 3126 in
837 3065 981 3128 omnibus
1003 3063 1147 3148 casibus,
1169 3063 1201 3123 in
1224 3062 1341 3142 quibus

10 3163 30 3236 ἱ
139 3166 269 3226 veteres
293 3160 513 3240 stipulationes
536 3164 739 3246 interponere
763 3171 1013 3240 consueverunt,
1045 3164 1126 3245 apud
1147 3164 1342 3226 recentiores

139 3259 289 3342 populos,
311 3265 399 3340 pacta
426 3262 698 3328 contraherentur.

140 3423 341 3434 ...ιι-..ικα-

178 3503 395 3574 )F17§4
414 3509 445 3560 ir
461 3506 504 3562 49
523 3509 559 3562 ib.
577 3513 611 3563 D
630 3511 656 3576 2,
675 3509 898 3580 tumamoris).
920 3509 994 3564 fr..3
1021 3511 1045 3572 d
1064 3507 1089 3563 7
1119 3513 1152 3561 D.
1172 3507 1198 3572 2,
1216 3507 1233 3560 2
1259 3463 1346 3575 (quod

139 3580 201 3648 quis
220 3579 249 3630 in
267 3580 342 3631 alter.
362 3577 504 3644 statuerit).

176 3647 207 3714 2)
226 3648 348 3717 umbo,
370 3649 405 3704 12
428 3650 474 3718 (do
492 3653 748 3720 polllcltationibusl.

177 3720 206 3785 3)
227 3721 295 3772 Cum
313 3686 355 3774 rib
374 3726 401 3772 el
416 3729 514 3776 natura
531 3725 705 3812 plurimarum
726 3728 822 3778 barum
841 3725 1033 3792 obligationum
1048 3721 1153 3774 nonnisi
1172 3720 1341 3782 exactione,

141 3810 214 3918 ‘11⁰⁸
217 3793 382 3919 ffiffissiur,
401 3796 526 3862 cognosci
544 3797 642 3863 possit,
669 3813 715 3850 eas
734 3800 762 3850 in
782 3803 876 3866 quarto
894 3795 1087 3849 Institutionum
1106 3798 1255 3846 nonnarum
1273 3793 1343 3842 libro

1 3875 12 3919 l
25 3891 39 3910 «a
139 3883 156 3918 e
169 3865 216 3918 usi
312 3881 345 3918 us
