3064 4966
203 305 259 362 200
282 352 285 356 ,
530 309 732 351 terraconem
752 309 826 352 runis
844 309 948 350 noum
966 309 1087 346 rurrsrr.

203 464 256 510 res
277 448 389 508 iterum
411 446 502 509 nobis
523 445 629 528 legata
651 449 816 526 appareat,
845 443 926 508 lorte
950 445 1081 526 prolatis
1111 445 1280 510 codicillis.
1326 447 1405 510 Tum

204 547 409 610 nihilominus
433 545 589 610 vindicari
611 546 766 632 polest1).

206 679 210 694 ’
247 670 278 748 ξ.
295 665 365 731 704.
410 665 557 740 Quamvis
582 671 685 728 aulem
713 665 852 748 legatum
874 664 926 727 die
953 665 1086 727 cedente
1116 663 1272 748 legatario
1295 669 1410 750 acqui·
1503 669 1504 692 ³

205 773 304 844 ratur,
329 773 432 830 tamen
454 785 514 828 nec
538 767 641 829 statim
664 767 729 848 peti
745 770 860 847 potest,
883 783 942 828 nec
958 766 1005 828 rei
1023 765 1135 849 legatae
1149 766 1319 830 dominium
1337 787 1410 832 esse
1503 849 1504 858 ἵ

204 869 316 949 incipit
339 867 498 952 legatarii.
542 869 618 931 Nam
640 869 754 946 omnia,
777 870 1063 950 quc-testamentis
1087 853 1231 932 sine'die
1247 877 1279 932 et
1295 872 1411 934 condi-

206 972 292 1031 tione
314 969 547 1046 adscribuntur,
572 987 613 1030 ex
632 969 684 1045 die
704 968 797 1032 aditae
817 967 1002 1031 hereditatis
1024 969 1147 1032 demum
1164 977 1354 1052 praestantur
1368 973 1409 1059 ²).

207 1068 245 1130 Et
270 1087 309 1131 co
332 1086 460 1150 quoquc
483 1075 623 1150 tempore
652 1071 700 1132 rei
722 1069 837 1153 legatae
860 1069 1044 1147 dominium,
1074 1072 1101 1133 si
1125 1073 1251 1152 quidem
1276 1071 1411 1135 heredi-

207 1172 278 1232 tatis
302 1169 377 1247 luit,
405 1171 461 1233 sed
485 1177 571 1234 recta
594 1173 646 1233 via
668 1171 706 1234 ad
730 1171 918 1254 legatarium
949 1172 1079 1248 transit,
1110 1189 1268 1252 nunquam
1292 1174 1411 1236 lactum

208 1269 334 1332 heredis
348 1269 388 1354 8).
434 1271 533 1351 ldque
555 1273 625 1352 ipso
647 1273 717 1334 iure
748 1278 780 1333 et
808 1273 967 1354 ignoranti
995 1255 1151 1354 legatario
1178 1274 1410 1356 acquiritur4).

140 1407 146 1420 ·
207 1371 304 1434 Aliud
328 1388 405 1434 vero
428 1371 612 1448 dicendum,
643 1373 670 1434 si
700 1373 793 1435 heres
817 1391 883 1435 rem
908 1372 1043 1456 legatam
1065 1373 1190 1436 tradere
1218 1375 1326 1458 iussus
1357 1373 1410 1437 vel

209 1474 448 1540 fideicommisso
470 1473 611 1536 relictam
639 1473 810 1536 restituere
836 1479 967 1557 rogatus
990 1480 1053 1536 cst:
1088 1479 1161 1537 tunc
1181 1492 1233 1537 res
1258 1476 1411 1538 continuo

208 1575 355 1658 legatarii
376 1591 439 1636 non
461 1573 504 1650 lit,
529 1573 585 1636 sed
606 1573 734 1636 heredis
760 1580 820 1652 est,
844 1574 945 1637 donec
961 1575 1095 1637 traditur
1111 1574 1163 1637 vel
1178 1575 1360 1637 restituitur
1371 1574 1411 1660 5).

250 1695 280 1775 ξ.
295 1691 365 1758 705.
411 1691 442 1753 si
466 1691 524 1752 sub
547 1691 728 1754 conditione
750 1691 803 1754 vel
825 1693 946 1754 incerto
968 1691 1019 1754 die
1040 1692 1178 1774 legatum
1193 1692 1336 1754 relictum
1353 1693 1409 1769 sit,

208 1793 259 1856 die
283 1793 416 1854 cedente
441 1797 472 1853 et
501 1791 640 1874 legatum
664 1795 728 1874 peti
751 1799 856 1874 potest
880 1797 986 1854 atres
1015 1792 1119 1875 legata
1149 1792 1187 1854 ad
1217 1792 1409 1876 legatarium
1506 1775 1507 1784 ¹

203 1895 357 1978 pertinet:
394 1893 485 1956 modo
513 1894 574 1956 iam
603 1892 686 1956 adita
719 1893 877 1956 hereditas
911 1897 970 1955 sit:
1002 1910 1072 1974 quae
1102 1911 1218 1955 moram
1249 1893 1330 1974 fecit¹
1358 1893 1412 1956 le-

207 1997 272 2088 gati
293 1995 437 2076 petitioni
452 1997 488 2076 ⁶).

250 2117 280 2196 ς.
297 2113 368 2178 706.
412 2112 563 2196 Legatum
595 2113 647 2176 vel
679 2114 969 2192 fideicommissum,
1001 2115 1085 2196 quod
1118 2113 1316 2195 repudiatum
1346 2131 1414 2176 non

209 2220 270 2292 est,
292 2215 501 2296 prestandum
524 2221 583 2278 est.
627 2215 684 2278 Est
702 2221 806 2278 autem
827 2215 858 2277 id
879 2217 981 2297 ipsum
1003 2215 1224 2297 praestandum,
1247 2213 1329 2294 quod
1354 2233 1415 2276 rc-

209 2315 316 2376 lictum
339 2321 404 2392 est,
432 2321 463 2378 ct
484 2317 648 2378 estimatio
671 2321 735 2380 tum
758 2317 897 2394 demum,
922 2334 991 2378 cum
1014 2333 1066 2380 res
1090 2319 1157 2396 ipsa
1181 2315 1264 2378 lacto
1284 2313 1414 2376 heredis
1508 2333 1509 2386 l

210 2417 353 2497 prestari
376 2434 439 2478 non
460 2417 615 2503 potest4).
661 2418 693 2481 Si
716 2418 867 2500 ignorans
890 2436 968 2494 rem,
992 2417 1073 2479 lortc
1095 2417 1127 2477 in
1150 2415 1244 2476 lunus
1259 2430 1413 2476 consum·
1508 2399 1509 2426 ³

211 2517 263 2596 sit,
286 2516 339 2578 vel
360 2517 441 2580 bona
464 2517 525 2580 lide
547 2518 697 2582 alienavit
719 2520 832 2595 herm,
858 2519 1043 2580 indemnitas
1068 2515 1243 2597 praestanda
1267 2519 1331 2590 cst,
1354 2513 1413 2576 vel

107 2650 117 2664 =
209 2619 345 2699 pretium
369 2617 524 2701 legatario
548 2619 787 2682 restituendum.
833 2619 864 2683 Si
894 2625 1013 2680 certum
1044 2634 1159 2698 corpus
1189 2616 1328 2698 legatum
1356 2616 1414 2691 sit,

210 2717 272 2780 tale
297 2719 365 2780 dari
387 2718 492 2795 debet,
517 2720 610 2799 quale
632 2726 700 2783 est:
725 2723 832 2800 itaque
855 2720 949 2782 heres
971 2719 1103 2781 relicere
1118 2735 1181 2780 non
1198 2717 1303 2793 debet,
1327 2717 1415 2796 quod
1509 2771 1510 2800 3

210 2824 367 2880 vetustate
393 2820 534 2882 deterius
557 2821 671 2882 lactum
694 2821 825 2902 reliquit
846 2826 978 2882 testator
991 2820 1030 2905 8).
1062 2819 1150 2882 Etsi
1173 2820 1206 2881 in
1222 2836 1342 2900 genere
1355 2834 1415 2881 res
1509 2819 1510 2828 ’

211 2920 316 3002 legata
340 2920 391 2994 sit,
414 2939 473 2981 nec
494 2923 609 3000 optima
632 2922 718 3004 exigi
740 2941 800 2984 nec
820 2922 955 3002 pessima
981 2919 1088 2983 cllerri
1111 2917 1262 3000 potesti).

254 3039 284 3118 g.
301 3036 371 3100 707.
415 3037 477 3098 lies
500 3037 603 3120 legata
629 3039 699 3102 talis
722 3038 816 3102 debet
838 3039 998 3120 prestari,
1029 3037 1131 3118 qualis
1155 3041 1220 3112 est,
1249 3051 1311 3098 non
1342 3052 1414 3098 cum
1508 3089 1510 3110 .

212 3135 461 3218 relinquebatur,
483 3137 539 3200 sed
562 3155 631 3200 cum
653 3141 780 3220 petitur.
825 3139 912 3202 Unde
934 3157 1018 3219 saepe
1041 3139 1178 3220 legatum
1196 3136 1320 3218 plenius
1338 3153 1415 3199 res-

208 3308 405 3320 ——-——

247 3427 275 3494 1)
295 3429 337 3480 Fr.
358 3425 418 3480 101.
438 3424 468 3478 D.
480 3426 523 3479 30.
543 3428 624 3479 Aliud
638 3431 791 3496 exemplum
801 3395 892 3498 legati,
903 3431 990 3482 denuo
1004 3431 1096 3495 delati,
1106 3429 1190 3482 hebes
1200 3425 1317 3482 inlr.59.
1331 3423 1414 3480 031.

247 3499 276 3566 2)
295 3501 340 3551 Fr.
357 3499 399 3552 32.
417 3517 457 3564 pr.
478 3495 509 3549 D.
529 3498 572 3550 31.
591 3503 623 3550 ir.
641 3499 685 3551 41.
705 3501 727 3560 5.
748 3499 789 3552 14.
810 3497 840 3551 D.
859 3501 903 3554 32.
921 3505 952 3553 fr.
971 3499 996 3553 7.
1017 3521 1056 3569 pr.
1074 3500 1168 3555 1021.
1186 3519 1225 3568 pr.
1255 3497 1286 3549 D.
1305 3497 1339 3550 36
1364 3496 1415 3562 (dt.
1478 3531 1480 3536 ·

213 3571 277 3636 cit).
314 3572 383 3623 Inde
401 3572 444 3621 hic
464 3570 523 3622 dies
540 3574 650 3623 centena
670 3573 752 3639 legati
772 3578 890 3625 vocetur.
938 3613 942 3624 .

245 3641 273 3707 3)
291 3643 335 3693 Fr.
352 3639 396 3694 80.
419 3639 450 3692 D.
470 3640 514 3693 31.
533 3644 564 3693 ir.
583 3640 626 3694 69.
645 3659 683 3708 pr.
703 3647 733 3694 ir.
748 3641 791 3695 86.
810 3645 832 3704 ἓ.
852 3643 877 3695 2.
901 3641 930 3696 D.
952 3643 995 3696 30.

245 3711 275 3776 4)
294 3713 337 3764 Fr.
357 3713 400 3764 81.
419 3713 441 3772 §-
461 3711 485 3763 6.
509 3709 539 3764 D.
559 3710 601 3765 30.
638 3715 670 3765 In
690 3704 741 3765 hoc
760 3716 815 3767 ltlti
835 3716 1021 3768 dissenserant.
1058 3713 1174 3767 Sabinus
1193 3719 1220 3766 et
1237 3713 1345 3766 (lessius
1364 3726 1415 3762 oe·

212 3786 315 3852 torique
333 3784 395 3836 Gaii
412 3790 601 3852 praeceptores:
621 3787 694 3852 quod
712 3803 759 3852 per
776 3788 984 3839 vindicationem
1004 3788 1121 3853 legatum
1143 3792 1226 3850 esset,
1246 3785 1333 3836 stetim
1352 3789 1417 3849 post

111 3904 114 3910 .
211 3857 312 3906 editam
339 3855 515 3906 hereditatem
543 3858 667 3922 legatarii
685 3859 741 3910 lieri
762 3860 913 3924 putebant,
933 3861 1013 3910 etiam
1033 3859 1055 3908 si
1072 3858 1210 3922 ignoraret
1225 3857 1276 3909 sibi
1293 3857 1416 3920 legatum

212 3943 279 3979 esse.
316 3927 445 3977 Proculus
467 3943 530 3977 nero
556 3933 582 3979 et
600 3929 687 3979 caeteri
711 3931 788 3982 huius
807 3931 905 3982 schole
923 3935 1046 3981 auctores
1071 3943 1125 3978 non
1145 3929 1221 3980 aliter
1249 3929 1417 3994 puterenunt

210 4013 266 4049 rem
283 3997 407 4062 legatarii
424 3997 493 4060 fieri,
519 4015 600 4066 quam
626 4000 649 4052 si
665 4001 779 4052 voluerit
797 4003 834 4051 ad
853 4018 881 4054 se
899 4003 1037 4068 pertinere.
1075 4001 1118 4050 Ex
1137 4000 1263 4052 Antonini
1287 3997 1417 4049 constitu-

212 4071 285 4120 tione
306 4083 338 4118 eo
357 4068 415 4119 iure
429 4069 573 4120 utebantur
592 4071 704 4122 Romani
722 4077 839 4138 tempore
860 4073 929 4136 Gaii,
952 4073 1025 4142 quod
1048 4072 1162 4123 Proculo
1180 4072 1329 4138 placuerat.
1366 4070 1416 4119 cir.
1509 4057 1510 4088 ³

209 4143 240 4191 ir.
261 4136 304 4191 64.
326 4135 355 4188 D.
365 4134 409 4202 47,
427 4137 443 4189 2
463 4137 510 4204 (de
530 4139 629 4206 furtis).
649 4148 676 4193 et
695 4143 729 4194 de
748 4145 857 4212 antiquo
874 4145 931 4196 iure
951 4145 1010 4196 Gai.
1029 4143 1050 4193 I.
1070 4141 1096 4204 2,
1114 4136 1415 4203 0194190200204.

243 4207 272 4274 5)
293 4207 353 4260 on.
368 4207 392 4267 ἓ.
410 4207 471 4260 204.
490 4211 533 4262 cit.
551 4215 583 4263 ir.
603 4210 663 4263 114.
685 4214 708 4274 ἓ.
728 4213 770 4265 11.
791 4212 821 4266 D.
841 4213 883 4268 30.
902 4218 933 4266 ir.
950 4213 993 4267 77.
1011 4214 1034 4274 ἓ.
1054 4211 1096 4264 10.
1118 4209 1148 4266 D.
1168 4211 1211 4265 31.

242 4277 271 4346 6)
290 4281 331 4330 Fr.
350 4275 375 4330 7.
393 4295 432 4346 pr.
450 4282 482 4332 fr.
501 4279 545 4333 21.
560 4300 599 4350 pr.
620 4281 650 4334 D.
669 4283 714 4348 36,
731 4284 747 4337 2
767 4282 816 4352 (nt.
835 4286 900 4353 citt
999 4282 1028 4351 7)
1048 4283 1092 4336 Fr.
1112 4283 1153 4338 11.
1173 4284 1196 4345 0·
1213 4278 1255 4334 17.
1277 4279 1308 4332 D.
1327 4279 1374 4334 30.

241 4351 269 4414 8)
289 4353 332 4402 Fr.
351 4349 394 4403 63.
413 4349 454 4404 89.
475 4350 498 4410 §-
517 4350 542 4404 7.
564 4352 594 4404 D.
613 4353 656 4406 31.
674 4358 705 4408 ir.
724 4354 768 4410 45.
787 4357 810 4418 ἓ.
827 4355 851 4410 2.
876 4361 907 4411 ir.
927 4353 969 4410 56.
993 4355 1023 4409 D.
1043 4353 1087 4408 30.
1105 4357 1137 4409 ir.
1155 4354 1199 4410 30.
1218 4357 1250 4408 ir.
1269 4351 1312 4406 65.
1335 4351 1358 4412 §-
1383 4351 1409 4404 1.

210 4419 240 4473 D.
254 4420 281 4486 7,
301 4422 316 4474 1
334 4419 381 4487 (de
403 4419 564 4489 usufructu).

242 4491 270 4558 a)
289 4494 332 4546 n.
352 4491 419 4570 110..¹
433 4489 463 4546 o.
482 4491 526 4546 ec.
