3098 4966
580 367 698 408 ιιιιιιιι.
711 367 806 405 caari.
819 367 918 406 carmi.
1253 408 1259 418 ,
1318 357 1354 414 et

187 501 353 584 Peregrini
376 517 504 581 quoquc
521 517 573 562 res
596 500 730 563 mobiles
743 501 827 562 iuste
844 499 905 562 sibi
928 501 1097 580 acquisitas
1111 500 1274 566 vindicare
1292 519 1353 582 po-

140 603 247 664 tuisse
260 603 449 686 videratur1)
465 606 596 667 atcerte
612 601 727 682 predia
744 599 952 682 provincialia
969 606 1029 667 tum
1050 601 1265 681 stipendiaria,
1282 619 1354 682 que

139 703 271 784 propria
293 701 404 783 populi
426 701 555 764 Romani
578 719 652 764 esse
673 702 944 785 intelligebantur,
968 719 1060 782 quam
1081 703 1259 779 tributaria,
1282 721 1353 782 qun

146 803 287 870 cesaris
299 803 428 883 propria
443 819 516 866 esse
530 803 742 867 credebantur
751 805 799 890 ⁸);
824 819 923 883 quare
937 804 970 866 in
986 805 1105 866 veteris
1120 804 1198 866 iuris
1213 804 1354 867 lontibus

142 903 188 966 de
202 903 481 984 stipendiariorum
504 907 699 993 proprietate
712 911 744 968 ct
758 905 798 967 de
823 903 1059 974 tributariorum
1071 903 1209 967 dominio
1224 921 1354 968 eorum·-

143 1004 262 1068 demve
283 1003 418 1068 dominis
439 1021 545 1067 sermo
569 1003 668 1092 esti).
713 1005 1012 1067 vindicabantcuim
1026 1021 1133 1068 eorum
1146 1019 1352 1086 possessores

146 1108 237 1168 inter
259 1123 297 1168 se
318 1123 359 1167 ex
381 1121 472 1186 aequo
493 1123 530 1168 ac
554 1107 581 1167 si
603 1107 797 1187 privatorum
819 1123 967 1189 agrorum
979 1105 1018 1192 ⁴).

186 1210 220 1288 §-
232 1206 306 1270 316.
351 1205 427 1268 Cum
450 1206 613 1270 lastiniani
637 1212 728 1268 aetate
751 1204 869 1286 duplex
890 1205 946 1269 illa
968 1205 1097 1268 dominii
1111 1206 1210 1275 lorma
1231 1205 1351 1270 nullius

144 1313 238 1370 esset
255 1309 422 1383 momenti,
454 1325 515 1369 nee
537 1307 612 1370 nudi
634 1308 712 1370 iuris
736 1307 903 1380 Quiritium
928 1304 992 1368 ulla
1016 1311 1102 1373 esset
1123 1305 1259 1382 utilitas,
1290 1309 1353 1369 im-

143 1415 277 1490 perator
300 1407 595 1497 eonsbtutioncml)
619 1409 732 1484 emisit,
757 1411 818 1488 qua
839 1407 956 1472 nullam
978 1405 1353 1470 differentiaminterdo-

143 1512 249 1573 minos
278 1511 342 1590 pati
366 1527 402 1571 se
432 1509 549 1585 edixit,
582 1515 614 1571 et
642 1510 721 1571 iuris
747 1508 872 1582 Quirini
901 1525 1014 1572 nomen
1046 1508 1135 1576 vetut
1162 1524 1296 1574 vacuum
1320 1512 1352 1570 et

143 1609 345 1692 superfluum
368 1609 499 1678 verbum
521 1610 670 1676 abolevit.
715 1609 750 1676 Iu
768 1593 833 1672 ⁸alia
856 1609 1081 1680 constitutione
1097 1626 1204 1680 rerum
1218 1609 1352 1689 mancipi

144 1717 179 1773 et
208 1728 268 1772 neo
296 1711 431 1791 mancipi
460 1708 667 1773 differentiam
697 1709 825 1772 sustulit
836 1709 874 1796 6).
926 1709 982 1770 Est
1002 1710 1100 1792 igitur
1123 1709 1156 1769 in
1179 1709 1351 1770 novissimo

142 1813 218 1874 iure
244 1827 374 1872 romano
395 1826 455 1872 una
477 1815 594 1876 tantum
616 1811 745 1873 dominii
765 1811 876 1886 lbrma,
905 1816 937 1872 ct
955 1811 1175 1900 unusquisque
1201 1808 1354 1889 plenissi-

143 1929 218 1974 mus
240 1930 276 1974 ac
296 1909 458 1992 legitimus
479 1929 584 1974 rerum
606 1911 701 1974 adse
723 1911 946 1992 pertinentium
970 1909 1114 1972 dominus
1127 1909 1172 1996 ll:
1206 1911 1233 1971 si
1258 1908 1351 1972 modo

144 2029 188 2076 ex
210 2013 249 2074 iis
273 2013 378 2089 causis
400 2027 455 2074 eas
483 2013 544 2074 sibi
565 2013 774 2093 comparavit,
796 2029 868 2092 quae
890 2012 986 2074 certis
1009 2012 1089 2074 iuris
1120 2011 1287 2092 preceptis
1318 2017 1353 2072 ut

143 2112 284 2195 legitimi
306 2111 435 2174 dominii
458 2113 645 2192 acquirendi
668 2111 751 2175 modi
774 2112 1035 2192 comprobantur,
1065 2113 1135 2174 slve
1157 2114 1260 2180 veteri
1280 2113 1351 2174 iure

144 2213 239 2276 civili
260 2213 330 2274 sive
350 2213 492 2294 gentium
514 2215 583 2275 iure
606 2213 793 2278 introductae
813 2213 928 2298 sint8).

188 2319 221 2397 ι.
234 2313 306 2378 317.
351 2313 495 2381 Plurtmae
523 2319 626 2378 autem
659 2314 813 2378 eiusmodi
847 2319 922 2376 sunt
951 2314 1080 2376 dominii
1113 2313 1350 2393 acquisitiones,

145 2430 229 2495 quas
250 2416 447 2482 recentiores
472 2415 601 2479 diverso
624 2415 716 2478 modo
730 2417 762 2478 ln
778 2433 897 2498 genera
914 2421 946 2478 et
962 2415 1087 2496 species
1103 2415 1213 2494 partiri
1227 2413 1331 2477 solent
1341 2432 1350 2487 ;

143 2531 212 2596 qun
235 2517 410 2594 presertim
432 2517 487 2578 illa
510 2519 658 2596 pertinet,
680 2535 751 2598 quae
771 2517 871 2598 vulgo
886 2515 1031 2578 icrturin
1045 2513 1352 2594 modosaequirendi

145 2615 337 2696 oripincm'oc
358 2634 416 2680 seu
438 2618 653 2680 constitutione
672 2624 705 2680 et
726 2617 916 2679 derivativas
934 2615 987 2679 vel
1007 2617 1208 2678 baarlntiaoa
1221 2615 1351 2690 divisio,

145 2723 182 2779 et
206 2717 369 2780 veteribus
392 2720 558 2796 inusitata,
587 2737 647 2782 nco
672 2737 756 2782 novo
783 2721 854 2783 iure
876 2717 973 2782 ulla'm
995 2718 1115 2780 babens
1137 2719 1201 2780 vim
1222 2719 1277 2778 aut
1299 2715 1351 2778 el-

142 2822 274 2885 lectum.
318 2821 399 2884 lllud
423 2839 501 2884 vero
527 2827 653 2888 veteres
675 2827 793 2896 notant,
817 2821 1003 2901 quibusdam
1025 2819 1126 2882 modis
1149 2816 1350 2898 metueres

142 2921 239 2984 nobis
262 2923 405 3002 acquiri,
429 2920 500 3024 aliia
523 2940 601 2986 vcro
622 2939 681 3003 per
698 2921 990 3009 onocrotalorum
1014 2919 1098 2984 unde
1115 2920 1259 2984 hodierni
1274 2918 1352 2984 titu-

291 3093 295 3102 .

147 3111 351 3126 ,.-.—--.--

181 3197 537 3261 lfflummffl
639 3195 925 3268 ffiffissstss

182 3273 201 3326 3
232 3272 365 3322 Vaticana
383 3272 490 3338 Fragm.
510 3270 534 3331 ἓ,
554 3265 615 3322 283.
633 3267 693 3323 315.
712 3269 773 3323 316.

180 3341 201 3396 4
231 3344 360 3411 Aggenus
379 3343 453 3409 apud
472 3342 601 3395 Gessium
619 3359 645 3409 p.
655 3339 697 3394 76.
735 3343 879 3408 Eleganter
898 3341 1004 3395 (lentim.
1018 3339 1128 3409 Kapria,
1154 3340 1297 3394 Eldmenta
1315 3344 1353 3393 du

144 3416 225 3470 drm‘r
243 3418 360 3472 romain.
379 3415 400 3468 1
419 3431 445 3480 p.
460 3411 514 3472 433
533 3414 584 3471 aab
601 3415 805 3481 imperatoribus
830 3414 880 3465 bas
900 3414 1008 3468 dominii
1025 3415 1127 3468 formas
1144 3417 1170 3464 et
1186 3414 1214 3472 iu
1230 3427 1287 3465 rem
1309 3427 1353 3466 ιιι

143 3489 235 3544 tiones
255 3502 302 3538 eas
320 3486 414 3538 tuendi
432 3487 518 3551 gratia
536 3485 702 3540 introductas
722 3485 865 3556 distinguit.

202 3559 223 3609 1.
270 3559 431 3611 Domim'acm
452 3573 488 3607 en
505 3561 565 3609 stare
585 3557 740 3616 Quiritium.

274 3628 379 3680 ninam
395 3643 567 3682 remanorum
583 3628 612 3679 ln
629 3629 708 3680 rebus
723 3625 922 3680 incommerolo
939 3627 1063 3694 lapilluli
1081 3627 1168 3682 modis
1179 3565 1346 3698 minna.

318 3725 351 3734 -
369 3699 418 3752 Rei
436 3699 616 3756 vindicatione
635 3715 671 3752 ex
689 3701 747 3756 iure
765 3699 906 3761 Quiritium
924 3701 1059 3759 munitam.

202 3772 235 3822 11.
272 3773 431 3823 Dome'm’um
450 3773 519 3824 ierac
536 3774 661 3842 pontiam
680 3769 726 3836 (ιιι
743 3766 853 3834 ch'a).

271 3841 296 3893 1.
314 3842 527 3907 Peregrinarum,

274 3912 326 3965 2.·
318 3929 346 3963 rn
364 3914 450 3965 fundo
469 3911 627 3980 provinciali
646 3913 818 3965 constitutum
839 3929 899 3965 cum
916 3913 1011 3966 fictitia
1030 3914 1074 3965 vel
1093 3914 1149 3966 utlli
1168 3913 1348 3971 vindicatione

316 3985 495 4048 coniunctum,
551 3971 574 4010 ¹

270 4055 297 4108 3.
315 4056 374 4106 iure
392 4019 495 4112 domini
509 4055 548 4112 rei
565 4056 680 4123 mancipi
698 4056 802 4110 tradite
820 4059 932 4117 tantum,

270 4126 297 4184 4
315 4128 446 4184 bonorum
464 4128 634 4192 posessorio

272 4197 321 4251 Ias
340 4201 415 4250 tone
427 4200 502 4262 fidei
511 4215 674 4284 possessores
690 4200 851 4284 pntlceiana
871 4199 977 4249 actione
998 4199 1147 4266 defensam

281 4285 326 4320 un.
346 4269 376 4320 0.
394 4266 420 4332 7,
439 4267 475 4327 23
491 4255 551 4335 (de
556 4269 657 4323 nudo·
649 4284 706 4324 rura
724 4269 791 4336 quir.
810 4265 953 4332 tollendo).

179 4199 212 4406 ι

179 4409 211 4478 7)

199 4479 212 4618 ι

215 4197 248 4248 Π.

231 4269 260 4392 g.
279 4356 323 4391 un.
344 4340 373 4392 O.
394 4341 428 4392 de
446 4340 612 4406 usucapione
632 4340 849 4400 bamlcrmsnda
867 4345 917 4392 ete.
937 4335 1049 4406 (7,31).

231 4412 261 4464 O
279 4427 323 4463 un.
343 4411 372 4463 G.
392 4412 434 4464 ιιι.
424 4408 490 4538 (7,
509 4409 565 4476 25).

229 4481 359 4615 ξλι.1118
337 4482 404 4545 1.1,

176 4480 199 4538 b

178 4553 197 4606 9

424 4479 605 4550 ubilis.
623 4478 665 4535 23
683 4496 722 4546 pr.
740 4481 774 4536 D
793 4477 819 4544 6,
839 4475 960 4546 issoi)

314 4555 378 4607 1ns.t
397 4553 423 4616 2,
441 4549 534 4621 9(per
554 4567 621 4622 quas
634 4547 782 4618 personas)
821 4551 880 4604 Gai.
899 4551 923 4604 2.
946 4552 970 4613 ι.
992 4547 1034 4602 97.
