3062 4972
572 305 811 351 nmmum,
1241 303 1295 358 339

91 437 270 511 dominive,
301 445 395 514 quum
410 433 478 496 'filii
501 436 631 496 cervive
653 431 746 498 fidem
770 439 916 517 sequitur
928 437 967 524 ¹).
1011 435 1084 504 llaec
1107 443 1188 504 actio
1212 436 1293 521 qnod

89 539 178 600 tusc
198 540 332 598 vocetur
348 533 390 620 ¹).

133 641 164 718 §-
179 635 271 700 1188.
315 633 431 696 liudem
454 635 576 695 ratione
589 633 708 696 Protor
727 637 920 714 comparavit
944 636 1022 699 dues
1044 637 1121 700 alios
1140 641 1294 717 notiones,

92 737 313 800 exercitoriunt
336 741 368 797 ol
387 735 587 797 institoriam.
632 734 718 796 'lunc
740 741 843 797 autern
864 739 1052 800 exercitoria
1070 739 1173 802 locurn
1189 740 1294 814 habet,

93 852 163 900 cum
185 843 276 918 poter
290 836 476 899 dominosve
488 835 586 898 filiunt
601 851 771 898 sorvuuwe
787 840 970 920 magistrum
985 843 1057 902 nevi
1072 842 1293 921 preposuerit,

92 944 125 1000 et
150 937 225 1018 quid
249 955 318 1000 cunr
340 956 379 1000 eo
405 940 475 1000 eius
499 939 546 998 rei
569 938 699 1020 grat-iu,
722 939 773 998 cui
802 941 990 1018 prepositus
1020 941 1099 1018 suit,
1128 943 1294 1024 negotium

92 1044 217 1121 gentum
242 1040 314 1100 erit.
358 1037 434 1099 Gunr
458 1041 540 1100 enirn
563 1045 599 1100 eu
621 1055 749 1119 qnoque
771 1057 824 1101 res
847 1059 886 1101 ex
916 1041 1080 1104 voluntate
1106 1045 1205 1122 petris
1233 1041 1295 1104 do-

92 1139 211 1202 tniuivo
232 1138 374 1200 contrabi
396 1139 559 1213 videntur,
590 1139 803 1217 equissimurn
825 1137 954 1201 Praetorl
977 1143 1078 1213 visum
1102 1148 1161 1218 est,
1182 1143 1214 1202 in
1237 1157 1294 1203 so-

92 1238 191 1303 lidum
214 1239 370 1301 actionem
392 1238 472 1314 duri,
496 1240 573 1318 quin
596 1239 707 1316 etium,
732 1240 807 1301 licet
830 1245 1014 1304 extraneum
1039 1241 1204 1322 quisquam
1226 1259 1295 1304 mu-

92 1339 229 1421 gletrum
251 1339 326 1400 nuvl
346 1339 576 1418 preposuerit,
609 1339 682 1400 sive
705 1353 832 1418 pervum
857 1341 927 1401 sive
950 1340 1100 1417 liberum,
1132 1348 1234 1404 temen
1256 1355 1294 1404 ee

92 1437 241 1502 Pretorio
274 1439 356 1502 ectio
389 1442 422 1500 in
455 1449 526 1500 eun
554 1437 708 1500 redditur.
753 1439 828 1502 ldeo
859 1446 961 1504 eutem
994 1443 1182 1505 exercitoria
1212 1441 1294 1505 actio

92 1538 297 1619 uppellutur,¹
320 1541 394 1620 quie
420 1539 577 1601 exercitor
600 1541 800 1617 vocatoris,
832 1539 870 1602 ed
893 1558 985 1621 quern
1007 1541 1183 1605 cotidianus
1206 1543 1296 1605 nevis

93 1646 236 1720 quantur
258 1640 406 1720 pervenit
413 1657 424 1716 ;
447 1641 604 1702 institoria
626 1641 705 1703 uero
728 1639 860 1703 lorrnule
883 1647 947 1703 turn
971 1642 1074 1705 locurn
1096 1643 1202 1720 hebet,
1224 1658 1293 1706 cum

93 1741 167 1820 quie
187 1740 335 1816 taberne,
358 1745 412 1802 cut
437 1740 569 1802 cuilibet
590 1742 797 1823 negotiationi
817 1739 914 1804 lilium
928 1759 1110 1822 servumve,
1132 1744 1311 1807 ueletiam·
1402 1791 1407 1799 .
1513 1711 1519 1768 Γ

94 1841 268 1920 quemlibet
292 1847 488 1916 extraneum,
512 1843 581 1904 eive
606 1857 733 1904 servum
756 1845 825 1904 sive
849 1843 992 1921 liberum,
1018 1845 1238 1926 preposuerit,
1265 1843 1298 1906 el

93 1940 170 2018 quid
192 1959 262 2002 curn
281 1959 319 2002 eo
341 1943 410 2002 eius
424 1942 471 2002 rei
485 1944 597 2023 gretie,
621 1944 671 2003 cui
684 1945 872 2023 propositus
887 1950 945 2021 est,
969 1951 1163 2007 contractum
1181 1943 1294 2019 luerit3

92 2039 168 2102 ideo
187 2046 290 2102 autern
313 2043 469 2104 institoria
491 2041 684 2123 appelletur,
716 2046 807 2124 quia,
840 2046 894 2124 qui
926 2045 1063 2107 tebernae
1094 2046 1298 2126 preponitur,

94 2140 224 2202 institor
246 2137 434 2222 appelletur,
458 2157 530 2222 que
550 2147 581 2204 et
604 2145 671 2222 ipsa
695 2141 827 2205 lonnnla
850 2145 881 2204 in
904 2141 1040 2206 solidum
1064 2143 1161 2230 estl).

117 2243 170 2322 ,§.
190 2239 282 2305 1189.
326 2241 482 2304 Praeteree
514 2239 678 2305 tribuloriu
711 2260 838 2323 quoque
871 2247 953 2306 ectio
983 2245 1014 2305 in
1044 2249 1163 2324 putrem
1194 2243 1298 2305 domi-

94 2357 210 2404 numve
240 2342 410 2406 constituto
439 2348 507 2418 eet,
540 2357 611 2404 curn
640 2342 723 2404 lilius
758 2359 916 2406 servosve
946 2346 978 2406 ln
1009 2343 1164 2425 peculiari
1194 2357 1299 2406 merce

95 2443 216 2504 sciente
239 2447 328 2522 putre
350 2443 518 2508 dominove
538 2446 730 2526 negotiatur.
767 2444 842 2507 Non
866 2445 893 2506 ti
915 2446 990 2526 quid
1012 2461 1081 2508 cunr
1106 2463 1145 2507 eo
1166 2445 1235 2506 eius
1250 2443 1298 2504 rei

97 2559 193 2603 ceusu
215 2547 407 2606 contractum
430 2545 506 2620 erit,
530 2545 572 2606 ite
596 2543 712 2606 Pretor
741 2546 793 2607 ius
815 2543 908 2621 dicit,
938 2551 993 2606 ut:
1025 2543 1176 2625 quidquid
1196 2545 1229 2604 in
1250 2543 1299 2604 bis

97 2642 256 2706 mercibus
278 2645 357 2720 erit,
380 2644 531 2725 quodque
550 2644 627 2706 inde
647 2651 809 2725 receptum
832 2648 909 2723 etit,
934 2645 966 2709 ld
989 2647 1073 2708 inter
1094 2651 1214 2726 putrem
1237 2641 1298 2706 do-

101 2746 272 2822 minumve,
297 2748 324 2808 si
340 2747 415 2827 quid
430 2747 460 2808 ei
476 2745 652 2823 debebitur,
677 2751 851 2810 eleuteros
871 2747 1045 2810 creditores
1066 2763 1124 2826 pro
1141 2751 1206 2808 retu
1222 2755 1301 2825 pcn-

98 2847 185 2908 tione
207 2844 415 2908 distribuetur
439 2852 471 2910 ct
492 2848 565 2926 quie
587 2847 649 2927 ipsi
669 2848 751 2927 petri
766 2831 945 2910 'dominove'
957 2847 1207 2910 distributionem
1223 2863 1300 2927 per-

98 2947 205 3022 mittit,
225 2947 254 3008 si
274 2949 345 3028 quis
368 2966 409 3010 ex
429 2947 641 3010 creditoribus
663 2952 824 3027 queretur,
848 2947 939 3028 quusi
962 2950 1062 3010 minus
1083 2947 1231 3009 tributum
1248 2947 1299 3024 sit,

98 3064 191 3128 quern
215 3049 409 3126 oportuerit,
438 3049 519 3112 hunc
542 3049 572 3110 ei
594 3046 749 3110 actionem
770 3049 1000 3126 accommodet,
1035 3063 1104 3129 que
1132 3047 1299 3110 tributoriu

98 3145 331 3234 appellatore.

141 3253 172 3330 §-
187 3247 279 3313 1190.
324 3247 470 3328 Denique
499 3249 678 3312 introductu
709 3253 758 3310 est
780 3249 861 3310 ectio
884 3249 924 3310 de
949 3268 1096 3324 recurro,
1124 3247 1227 3326 de'quc
1251 3262 1301 3322 eo,

99 3369 186 3426 ouon
209 3373 241 3412 ut
262 3371 325 3414 unu
347 3373 452 3414 perure
472 3371 625 3414 bonrurvn
644 3371 762 3413 nesure
775 3371 853 3426 πυτ,
880 3354 915 3410 ul
937 3365 1121 3430 quamqualn
1146 3349 1215 3410 sine
1237 3362 1300 3409 vo·

100 3451 222 3512 luntute
242 3450 339 3530 petris
364 3449 524 3512 dominive
544 3451 707 3532 negotium
732 3455 855 3532 gestum
879 3449 957 3526 erit,
989 3455 1110 3526 tomen,
1137 3449 1206 3509 sine
1228 3447 1304 3526 quid

100 3553 135 3614 in
155 3568 223 3612 reu
244 3551 315 3612 eius
339 3565 467 3612 versum
498 3549 579 3626 luit,
604 3549 636 3612 id
668 3555 765 3612 totum
795 3553 949 3630 prestere
970 3543 1100 3624 debon,
1136 3549 1205 3609 sive
1228 3545 1303 3626 quid

103 3667 168 3716 uon
191 3656 245 3714 est
264 3651 298 3710 in
311 3664 379 3712 rem
399 3650 625 3726 eternorum,
648 3649 678 3712 id
694 3656 823 3712 eotenus
836 3655 988 3730 prestere
1000 3649 1123 3724 debent,
1147 3653 1302 3740 quotenus

104 3751 267 3834 peculium
288 3753 415 3830 petitur.
460 3748 494 3812 lu
517 3767 583 3812 rem
607 3756 709 3813 autern
744 3753 845 3832 petris
873 3751 1032 3814 dominive
1055 3765 1183 3811 versum
1205 3747 1305 3810 intel-

104 3851 231 3936 ligitur,
254 3850 408 3931 quidquid
430 3853 613 3914 necessario
636 3852 667 3913 in
698 3870 764 3914 rem
781 3851 857 3914 'eius
877 3851 1028 3932 impendit
1041 3849 1124 3911 lilius
1137 3865 1304 3926 servosve,

100 3971 300 3983 ..ῳ-.-

138 4059 168 4125 1)
190 4058 250 4111 Gai
268 4057 294 4110 4.
314 4055 336 4116 l.
356 4053 398 4110 70.
436 4058 525 4110 Debet
542 4063 631 4109 eutem
650 4058 679 4109 id
699 4059 782 4125 petris
802 4072 860 4112 esse
879 4062 1015 4125 negodum
1035 4064 1062 4110 et
1082 4057 1116 4108 ab
1139 4055 1231 4108 corel
1250 4053 1304 4106 tillo

101 4132 149 4184 vel
167 4137 297 4183 extraneo
318 4143 379 4181 cum
397 4129 450 4180 lieo
475 4129 642 4182 contrahenti
667 4146 725 4182 osse
749 4131 859 4182 luscum.
892 4131 938 4182 cfr.
957 4150 981 4184 v.
997 4131 1145 4196 Vcnperow
1164 4130 1184 4180 Ι.
1206 4123 1304 4186 §um

140 4199 174 4268 2)
190 4203 352 4270 ttxpncctnr
368 4201 397 4254 in
415 4201 453 4252 tit.
472 4202 498 4255 4.
519 4201 579 4266 big.
597 4201 642 4252 lib.
666 4199 701 4253 15
722 4199 808 4270 (quod
824 4199 920 4268 iussu).
958 4203 1117 4269 Appellatur
1145 4201 1179 4252 ob
1200 4196 1304 4249 hodier-

38 4317 41 4320 .
103 4277 152 4328 nlo
165 4277 237 4327 siout
250 4277 357 4344 ruitque
377 4275 505 4343 dchoupe
522 4274 651 4336 actiones,
672 4273 822 4326 adnectantur
841 4277 985 4342 qualitatis
1008 4275 1086 4326 cotio.
1263 4269 1269 4278 ‘

125 4343 232 4470 flaba
252 4346 323 4398 (luto
338 4341 366 4396 4.
384 4344 408 4405 ξ.
427 4343 471 4396 tl.
495 4346 541 4396 cnr.
561 4344 584 4403 §-
603 4343 628 4395 2.
656 4343 677 4396 Ι.
697 4344 723 4396 b.
742 4350 762 4396 t.
786 4344 848 4412 Dlg.
867 4342 914 4410 14,
940 4345 956 4397 1
977 4341 1024 4411 (dc
1043 4339 1152 4398 eruut.
1176 4334 1247 4406 told.
1269 4339 1303 4389 D.

107 4419 122 4472 1
222 4417 256 4469 de
273 4417 354 4470 luttit.
374 4422 447 4470 oct..

143 4411 565 4554 l)dtt.tt.172o)tt1.u.
586 4485 685 4554 uDlg.
707 4481 1021 4552 incunte-eu).
