3082 4976
618 401 711 438 nonius
730 403 834 444 nuituis,

523 544 527 554 ·
640 523 767 586 CAPUT
789 523 825 584 V.

255 657 257 661 ¹
343 679 390 742 Do
409 674 645 756 obligationibus
668 691 738 756 qum
758 693 799 738 eu
818 674 921 755 puetis
943 683 1125 740 nuscuntur.
1266 765 1287 814 P

1289 778 1333 830 og.

137 857 233 920 Titui.
264 857 288 918 l.
389 856 437 919 Da
463 857 564 937 pactis
591 861 623 918 et
651 855 690 918 de
721 855 873 918 nudorum
902 861 1065 935 pactorum
1087 855 1118 917 vi
1140 861 1235 935 atque

421 961 576 1038 potestate
635 1001 1228 1017 ............
1272 955 1335 1020 264

176 1075 193 1135 ,,·
260 1057 298 1118 ll.
389 1055 436 1118 De
459 1057 558 1136 pactis
580 1054 737 1118 Pretoriis
792 1101 799 1115 .
846 1101 853 1116 .
900 1101 907 1114 .
954 1101 976 1132 .,
1007 1101 1271 1116 ......
1272 1055 1335 1120 267

176 1201 194 1234 ,,
260 1154 314 1217 111.
388 1153 435 1217 De
458 1156 557 1235 pactis
581 1154 732 1237 legitimis
757 1160 788 1216 et
810 1156 984 1236 praesertim
1016 1154 1056 1216 de
1087 1153 1235 1218 donatio-

428 1254 521 1316 nibus
540 1255 623 1316 inter
646 1256 738 1316 vivos
792 1301 1228 1318 .........
1272 1257 1335 1322 268

635 1439 762 1503 CAPUT
785 1440 837 1504 Vl.

344 1593 391 1657 De
411 1591 646 1672 obligationibus
667 1610 736 1674 quw
754 1611 794 1658 ee
813 1591 922 1654 delicto
942 1596 1124 1654 nuscuntur.

128 1741 226 1806 Titui.
258 1743 281 1804 l.
383 1743 430 1806 lte
454 1743 579 1806 delictis
601 1745 777 1828 generatim
850 1791 1227 1807 ........
1272 1746 1334 1811 273

174 1889 189 1920 ,,
256 1843 294 1904 ll.
381 1842 428 1906 De
454 1845 587 1907 furtis.
633 1837 671 1905 .’
687 1891 1227 1908 ...........
1272 1845 1334 1912 275

173 1969 193 2021 „·
256 1943 309 2006 ill.
382 1944 429 2008 Do
450 1945 542 2008 bonis
569 1947 601 2007 vi
624 1948 722 2027 raptis
793 1991 1227 2010 .........
1272 1945 1332 2008 277

173 2089 188 2122 ,,
254 2041 308 2106 lv.
380 2044 426 2106 De
447 2043 522 2128 lege
542 2045 671 2127 Aquilia
739 2091 1226 2108 ..........
1272 2044 1333 2108 278

173 2191 189 2225 ,‚
254 2142 313 2244 V.x
377 2145 425 2208 De
449 2147 573 2210 iniuriis
631 2192 1225 2210 ............
1270 2145 1332 2213 279

625 2329 752 2394 CAPUT
769 2332 837 2394 Vll.

205 2485 253 2548 De
275 2442 511 2568 obligationibus
532 2501 602 2568 quw
623 2503 664 2548 eu
683 2485 781 2546 variis
802 2501 968 2546 causarum
988 2482 1096 2564 figuris
1118 2482 1270 2544 munior.
1404 2547 1406 2553 ,

128 2634 224 2698 Titui.
257 2635 281 2697 l.
382 2637 428 2700 De
452 2637 699 2721 obligationibus
723 2655 793 2719 quae
815 2644 905 2720 quasi
927 2644 1142 2702 excontraotu
1158 2655 1236 2701 nas-

324 2765 328 2772 ,
424 2745 539 2801 cuntur
578 2784 1065 2800 ..........
1108 2783 1119 2825 ,.
1165 2785 1172 2799 .
1219 2784 1226 2799 .
1271 2737 1333 2802 282

173 2881 189 2913 „
254 2837 293 2898 ll.
379 2838 426 2902 De
440 2838 687 2922 obligationibus
701 2857 770 2920 quae
787 2843 877 2920 quasi
899 2859 939 2902 ex
958 2841 1073 2904 delicto
1086 2842 1231 2902 oriuntur
1273 2838 1336 2902 284

173 2981 189 3012 „
253 2937 307 2998 lll.
373 2937 420 3002 De
444 2941 567 3003 eaeteris
591 2942 695 3032 causis
720 2941 947 3024 obligationum
999 2978 1014 3002 ·.
1040 2987 1067 3026 Ι.
1113 2987 1119 3001 .
1166 2986 1172 3000 .
1220 2961 1227 3001 ;
1272 2939 1334 3006 285

609 3123 738 3187 onnon
759 3107 842 3187 uu.
890 3168 894 3180 a

373 3269 492 3348 Quibus
512 3275 608 3338 modis
630 3274 830 3355 obligationes
851 3278 1081 3360 extinguuntur.

128 3423 224 3486 Titul.
259 3425 282 3485 l.
343 3401 345 3404 ⁵
385 3428 504 3500 Quibus
529 3409 632 3490 modis⁵
652 3430 721 3509 ipso
744 3431 814 3491 iure
838 3429 961 3492 tollitur
983 3429 1171 3514 obligatio.
1219 3476 1226 3490 .
1270 3431 1331 3496 288

173 3567 189 3600 ,,
256 3525 295 3586 ll.
383 3527 504 3600 Quibus
528 3529 625 3590 modis
649 3548 706 3610 per
729 3532 946 3612 exceptionem
962 3530 1157 3623 infirmantur
1171 3529 1233 3592 ob-

415 3627 583 3711 ligationes
627 3675 1226 3693 ............
1270 3631 1333 3696 292
1370 3713 1373 3720 ⁴

341 3855 342 3866 κ
469 3868 472 3877 -
504 3823 666 3892 LIBER
691 3824 953 3908 QUARTUS.

237 3987 295 4060 De
319 3989 522 4070 actionibus
550 3996 585 4062 et
607 3989 690 4061 otiis
718 3993 808 4062 iuris
830 3990 1070 4088 persequendi
1096 3989 1224 4061 modis.

641 4181 769 4246 CAPUT
793 4181 816 4243 1.
841 4279 843 4285 k

240 4332 242 4335 ’
361 4333 527 4394 Generalis
548 4331 586 4394 du
607 4333 686 4394 iuris
705 4333 921 4412 persecutione
941 4341 1111 4416 prmeeptu.

125 4485 221 4549 Titui.
253 4485 277 4547 l.
378 4484 425 4547 De
447 4485 545 4546 variis
568 4485 646 4548 iuris
667 4486 881 4566 persequendi
904 4485 1003 4548 modis
1058 4531 1064 4546 .
1112 4532 1118 4546 .
1166 4533 1172 4548 .
1220 4533 1227 4548 .
1271 4451 1333 4550 293

170 4629 185 4663 „
251 4583 290 4646 ll.
376 4584 424 4647 De
448 4585 596 4648 aetionib.
620 4591 653 4647 et
676 4584 716 4647 de
730 4586 768 4647 iis
781 4603 839 4666 per
852 4603 932 4666 quos
946 4605 1044 4670 agere
1057 4602 1224 4668 possumus
1268 4585 1329 4648 294
