3082 4976
201 346 236 404 72
524 351 725 391 rnrrrrurronu
745 349 819 390 rurrr
839 350 942 390 ronam
962 348 1082 390 narrari.

203 486 255 550 vel
279 504 385 548 curam
410 486 494 568 gerit
516 482 568 546 vel
594 482 647 562 qui
667 481 808 545 moribus
831 479 904 544 talis
927 486 988 557 ert,
1010 486 1046 542 ut
1066 488 1237 562 suspectus
1261 488 1304 549 sit
1312 507 1321 563 ;
1345 495 1408 551 tam

201 590 228 652 is
251 589 305 668 qui
325 584 561 660 fraudulenter,
588 601 679 664 quarn
701 584 729 645 is
754 583 807 663 qui
831 581 1048 665 negligentius
1070 583 1091 646 i.
1114 601 1144 646 e.
1170 601 1233 647 non
1256 601 1313 665 ea,
1344 605 1409 670 qua

203 692 328 769 oportet
349 684 579 760 sollicitudine,
601 684 707 746 tuteioe
727 682 781 745 vel
804 699 889 744 curm
913 683 1082 771 praeest1).
1126 677 1186 758 Qui
1208 685 1408 752 solummodo

200 792 412 872 pauperent,
435 785 537 848 tidelis
561 790 663 846 tamen
686 791 717 847 et
737 783 898 866 diligens,
923 784 1133 862 removendum
1155 803 1220 848 non
1242 793 1291 850 est
1315 791 1409 869 quasi

202 893 369 969 suspectus
381 886 420 973 Ι).
463 885 606 961 Accidit,
638 890 723 947 utet
745 890 836 961 anie,
863 901 953 965 quam
976 886 1106 966 incipiat
1130 887 1261 950 tutelam
1290 908 1411 972 gerere

200 994 296 1065 tutor,
319 993 465 1068 tanquam
486 991 653 1068 suspectus
675 987 835 1048 removeri
859 985 1010 1072 possit³).

243 1093 273 1171 ἕ.
286 1087 359 1154 264.
403 1087 515 1150 Datum
537 1092 640 1150 autem
664 1092 713 1148 est
738 1089 787 1148 ius
809 1086 994 1150 removendi
1017 1091 1185 1167 suspectos
1206 1090 1409 1154 tutorasiio-

200 1205 257 1252 mae
277 1189 420 1269 praetori,
446 1189 478 1249 in
499 1187 671 1267 provinciis
694 1187 882 1267 presidibus
908 1205 1015 1250 earum
1037 1192 1070 1250 et
1092 1187 1200 1270 legato
1223 1207 1412 1270 proconsu-

199 1291 239 1352 lis
255 1288 295 1376 4).
339 1287 475 1350 Possunt
502 1289 594 1349 etiam
616 1305 724 1351 omnes
749 1292 870 1349 tutores
891 1287 1032 1366 suspecti
1055 1285 1142 1363 fleri,
1176 1293 1238 1350 tam
1259 1289 1412 1372 legitimi,

202 1407 294 1471 quam
314 1389 538 1452 testamentarii
550 1394 582 1450 et
601 1390 816 1472 amagistratu
834 1387 897 1450 dati
909 1387 950 1473 ὖ).
987 1388 1159 1468 Suspeotos
1173 1395 1277 1452 autem
1290 1395 1410 1471 postu-

201 1492 268 1554 lare
292 1489 346 1552 vel
366 1495 517 1554 accusare
537 1495 657 1552 tutores
679 1495 711 1552 et
731 1494 893 1551 curatores
916 1494 1050 1568 possunt
1071 1505 1199 1566 omnes,
1223 1508 1292 1553 nam
1315 1493 1410 1572 quasi

200 1591 325 1674 publica
349 1595 397 1652 cst
415 1593 482 1652 haec
499 1591 592 1666 actio,
615 1606 684 1669 quac
702 1588 776 1651 inde
796 1591 888 1652 etiam
903 1591 1021 1652 crimen
1037 1590 1223 1670 appellatur.
1257 1591 1413 1656 Mulieres

204 1691 284 1756 adeo
307 1689 345 1752 ad
366 1691 597 1752 accusationem
620 1689 835 1765 admittuntur,
860 1695 895 1750 ut
915 1695 1032 1766 mater,
1055 1693 1179 1766 nutrix,
1202 1693 1292 1768 avia,
1315 1709 1413 1756 soror

204 1797 236 1856 et
259 1808 329 1871 quc
351 1792 477 1872 pietatis
498 1789 734 1854 necessitudine
757 1790 858 1852 ductae
887 1790 925 1852 ad
958 1789 1018 1853 hoc
1049 1791 1225 1872 procedere
1254 1793 1412 1878 solenti).

204 1894 267 1974 lpsi
289 1892 469 1972 impuberes
491 1909 554 1954 non
576 1897 710 1972 possunt
729 1907 806 1954 suos
820 1896 941 1954 tutores
955 1897 1122 1972 suspectos
1137 1892 1320 1972 postulare:
1344 1910 1411 1973 pu·-

207 1995 303 2056 beres
330 2010 407 2056 vero
431 2009 581 2056 accusare
604 1998 767 2055 curatores
789 1998 923 2072 possunt
936 1992 973 2078 7).

247 2093 361 2176 §.265
406 2093 454 2156 Er
481 2111 544 2174 quo
564 2099 724 2156 momento
748 2093 861 2172 aliquis
888 2098 1055 2172 suspectus
1077 2093 1272 2174 postulatur,
1305 2097 1414 2178 quoad

93 2251 96 2258 .
207 2197 347 2278 cognitio
370 2194 517 2270 finiatur,
550 2193 750 2256 interdicitur
772 2194 802 2254 ei
827 2192 1054 2256 administratio
1078 2198 1109 2255 et
1133 2201 1262 2258 curator
1287 2199 1415 2260 consti·-

206 2297 305 2358 tuitur
316 2297 356 2382 ⁸).
400 2295 571 2374 Suspectus
596 2299 699 2356 autem
722 2298 872 2369 remotus,
897 2294 924 2354 si
949 2292 1074 2372 quidem
1089 2293 1129 2356 ob
1145 2293 1263 2373 dolum,
1284 2296 1431 2377 infamia¹
1524 2359 1525 2386 ¹

205 2401 342 2472 notatur,
368 2397 395 2458 si
417 2396 456 2458 ob
482 2395 613 2476 culpam,
636 2412 699 2457 non
719 2412 809 2474 aeque
822 2393 860 2480 9).
905 2393 966 2456 Sed
979 2395 1006 2456 si
1021 2395 1162 2475 suspecti
1177 2397 1318 2478 cognitio
1335 2414 1415 2460 sus·
1449 2394 1451 2396 ’

206 2501 296 2578 cepta
318 2496 424 2572 suerit,
448 2501 621 2576 posteaque
634 2501 719 2558 tutor
733 2495 786 2557 vel
802 2499 928 2556 curator
940 2493 1126 2572 decesserit,
1150 2497 1348 2579 extinguitur
1359 2496 1415 2582 10).

207 2597 351 2676 Denique
372 2597 535 2660 sciendum
559 2602 623 2672 est,
648 2601 679 2658 et
699 2597 727 2658 si
748 2595 855 2658 nullus
878 2601 1016 2671 accuset,
1039 2599 1167 2676 praetori
1190 2615 1269 2658 vero
1291 2595 1415 2677 liqueat

124 2725 128 2734 κ
208 2715 248 2760 ex
268 2698 714 2780 apertissimisargumentis,
749 2702 883 2758 tutorem
913 2701 1095 2778 suspectum
1119 2713 1210 2774 esse,
1245 2715 1285 2760 ex
1307 2697 1415 2760 officio

208 2815 279 2860 eum
300 2797 414 2878 repelli
437 2797 621 2884 dobereffl).
646 2797 692 2859 Ob
716 2797 795 2859 iacta
820 2799 976 2860 atrociora
999 2799 1031 2858 in
1045 2797 1141 2860 tutela
1165 2799 1417 2863 admissaaccu-

208 2903 294 2960 satus
316 2896 355 2958 ad
375 2898 590 2978 magistratum
613 2897 781 2959 remittitur
802 2897 942 2978 graviter
963 2896 1140 2977 puniendus
1150 2898 1203 2984 1Ι).

238 3134 266 3201 1)
287 3134 355 3195 §.c
375 3134 478 3189 1213.
505 3137 569 3188 Inst.
587 3137 614 3187 h.
631 3141 649 3186 t.
676 3138 707 3187 fr.
722 3133 748 3188 8.
770 3139 803 3188 D.
825 3137 887 3189 eod.
914 3139 1049 3206 Exempla
1067 3144 1114 3193 tut
1139 3142 1256 3208 suspecti
1276 3142 1363 3196 habes
1384 3145 1416 3194 in

202 3213 234 3262 tr.
254 3207 279 3261 3.
299 3207 322 3266 ἓ.
344 3203 369 3258 5.
389 3204 432 3259 13.
454 3206 495 3259 18.
516 3211 550 3260 D.
570 3208 596 3258 h.
616 3213 634 3258 t.
654 3207 721 3268 §.a
741 3208 824 3260 10.1.
844 3209 905 3261 eod.

239 3279 267 3346 2)
307 3277 375 3330 ,13.
393 3281 414 3330 Ι.
433 3280 476 3330 cit.
615 3277 643 3343 3)
664 3277 816 3340 §.5.1.h.
837 3284 856 3330 t.

238 3347 268 3417 4)
308 3350 357 3403 .1.
377 3349 440 3402 lust.
460 3351 487 3403 h.
506 3357 525 3402 t.
543 3353 574 3402 fr.
594 3348 618 3401 1.
637 3350 660 3410 ξ.
679 3349 704 3402 3.
725 3352 758 3401 D.
778 3350 841 3403 eod.

240 3420 268 3487 5)
288 3423 331 3472 Fr.
354 3421 380 3474 1.
399 3421 423 3482 ὃ.
443 3419 467 3474 5.
483 3425 516 3474 D.
535 3424 561 3473 h.
580 3429 599 3474 t.
619 3437 642 3472 c.
662 3419 686 3473 5.
706 3422 735 3474 G.
755 3423 817 3476 eod.
1479 3480 1484 3495 Ι

237 3491 266 3558 6)
286 3495 330 3544 Fr.
348 3493 374 3545 1.
402 3494 425 3552 §.
443 3491 469 3544 7.
487 3496 520 3544 D.
532 3495 598 3546 eod.
627 3494 681 3545 oar.
700 3496 732 3544 fr.
751 3494 776 3546 1.
794 3493 818 3552 §-
837 3490 862 3544 8.
881 3495 913 3544 fr.
933 3493 957 3546 2.
974 3492 999 3546 3.
1019 3511 1057 3560 pr.
1077 3495 1110 3544 D.
1130 3495 1192 3548 eod.
1213 3495 1236 3554 §-
1255 3495 1281 3548 3.
1300 3498 1321 3546 Ι.
1342 3498 1369 3548 h.
1393 3501 1413 3548 t.

205 3563 370 3618 Honorarios
387 3569 489 3617 tutores
507 3570 628 3632 gerontas
645 3570 784 3630 suspectos
803 3580 932 3616 accusare
946 3565 1051 3628 dobere,
1071 3567 1126 3616 iam
1147 3582 1228 3633 supra
1248 3566 1271 3626 §-
1286 3565 1336 3620 231
1358 3585 1410 3620 no·

204 3640 289 3686 tatum
308 3641 357 3688 oet.

234 3705 269 3771 ⁴7)
289 3706 313 3766 §-
331 3705 358 3778 4.-
376 3707 398 3758 1.
416 3707 477 3758 eod.
540 3757 544 3762 ,
577 3703 606 3770 8)
626 3703 649 3764 ἓ.
668 3703 694 3757 7.
713 3708 733 3756 Ι.
752 3707 779 3758 h.
798 3713 816 3758 t.
917 3703 945 3771 9)
966 3707 989 3766 §.
1006 3706 1032 3758 6.
1052 3708 1073 3758 Ι.
1093 3706 1155 3758 eod.
1176 3724 1199 3758 o.
1218 3704 1243 3758 7.
1263 3707 1292 3759 (Ι.
1311 3708 1339 3764 h.
1358 3713 1377 3759 t.

221 3775 266 3842 10)
287 3778 309 3837 ἓ.
329 3777 354 3830 8.
374 3779 396 3829 Ι.
415 3778 475 3830 eod.
551 3775 596 3844 11)
615 3775 658 3828 Fr.
677 3777 702 3829 3.
722 3778 745 3838 ἓ.
765 3777 791 3829 4.
810 3779 843 3828 Ι).
863 3778 890 3828 h.
909 3783 927 3830 t.
1030 3774 1076 3842 12)
1096 3778 1140 3829 Fr.
1160 3777 1184 3829 1.
1203 3778 1227 3838 §-
1247 3777 1272 3829 8.
1292 3781 1326 3830 D.
1345 3780 1371 3831 h.
1391 3787 1412 3832 t.

691 4049 937 4058 ——-—-·—-—
