3062 4972
205 327 260 386 860
519 337 719 376 tessifontem
738 337 811 376 tntu
830 336 934 376 101111
954 335 1074 377 valvert.

206 469 294 532 beris
312 467 501 534 exhibendis
525 473 557 530 et
578 467 745 544 ducendis,
769 473 802 530 et
823 467 863 530 ric
886 481 988 530 uxore
1008 464 1151 527 inemec
1174 463 1262 550 (llig.
1283 459 1411 541 41113.

207 568 285 634 Geel.
297 569 329 633 8.
340 568 398 652 8.),
421 569 584 632 delibero
607 569 732 632 bomine
754 568 934 632 exhibendo
959 565 1046 652 (llig.
1058 568 1111 643 43,
1124 567 1175 632 29.
1200 565 1278 629 God.
1295 567 1331 642 8,
1352 567 1411 651 8.),

206 669 247 736 ed
267 687 337 750 quse
358 669 480 732 secedit
501 669 702 734 interdictum
724 669 763 732 de
783 674 907 732 nrortno
930 666 1096 730 inferendo
1121 666 1208 752 (big.
1231 669 1281 744 11,
1309 667 1370 756 8.).

248 774 280 854 9.
294 769 387 836 1236.
433 767 495 832 lies
520 769 664 849 publices
687 775 832 850 spectent
854 769 1021 832 interdicte
1046 767 1087 829 de
1114 766 1193 830 locis
1215 767 1360 848 publicis
1383 772 1413 828 et

207 869 340 936 deloco
363 866 490 950 publico
514 869 661 945 truendo,
683 869 724 932 de
745 872 796 932 vic
818 869 943 950 publice
965 869 1056 951 pluro
1076 869 1115 932 dc
1129 867 1309 932 fluminibus
1328 867 1414 950 pub-

208 971 280 1036 licis
302 969 469 1032 intenlicte
494 968 582 1054 (Dig.
605 969 659 1046 43,
682 969 847 1055 9.-14.);
880 969 920 1032 de
943 970 1040 1031 rebus
1063 970 1162 1032 divini
1183 971 1262 1032 iuris
1289 985 1415 1052 propo*

208 1077 325 1134 nuntur
358 1070 544 1134 interdicte:
579 1089 618 1132 ne
648 1072 722 1150 quid
755 1073 787 1132 1ι
813 1069 885 1134 loco
918 1089 1010 1134 sucro
1039 1070 1091 1133 vel
1114 1077 1222 1134 sancto
1243 1071 1297 1133 liet
1322 1071 1413 1158 (mig.
1505 1055 1506 1124 ἶ

205 1172 258 1249 43,
280 1172 341 1258 6.),
366 1170 459 1233 etde
483 1171 654 1251 sepulchro
678 1171 860 1235 edificando
883 1172 970 1258 (Dig.
995 1173 1046 1247 li,
1070 1171 1126 1258 7.).

707 1413 906 1428 *nt-—

381 1809 445 1874 DE
466 1807 513 1874 IN
532 1807 766 1876 INTEGRUM
782 1802 1185 1926 nusmsumonleus
1198 1813 1232 1894 ¹).

208 2001 278 2054 TIT.
290 2001 309 2051 1.
337 1995 531 2054 communie
549 1997 599 2048 DE
617 1997 654 2048 lN
665 1995 856 2050 mulionum
867 1995 1193 2049 nnsntwmonmus
1205 1995 1417 2052 Panicum.

252 2131 391 2216 31237.
436 2130 506 2193 Non
526 2149 599 2192 rcro
620 2131 652 2192 in
673 2129 923 2192 institutionibus
942 2131 1058 2192 nostris
1074 2131 1261 2194 mentionem
1280 2129 1418 2196 fecimus
1507 2187 1508 2222 ,

209 2237 242 2297 in
264 2237 424 2322 integrum
445 2231 697 2294 restitutionum:
732 2231 791 2294 iam
817 2233 847 2294 in
872 2251 910 2295 eo
940 2238 1006 2309 est,
1039 2237 1074 2294 ut
1095 2231 1135 2294 de
1163 2233 1202 2294 iis
1225 2231 1419 2316 diligentius

214 2335 433 2416 dispiciemus:
457 2333 533 2396 licet
556 2337 637 2396 enirn
660 2351 765 2414 neque
790 2333 885 2396 Gaius
912 2352 1016 2415 neque
1040 2334 1233 2397 iustinianus
1255 2333 1295 2396 de
1317 2335 1365 2396 iis
1387 2337 1419 2397 in

210 2435 465 2498 institutionibus
488 2435 553 2495 suis
577 2433 701 2496 titulum
725 2419 963 2511 collocaverint,
987 2435 1065 2496 iuris
1088 2433 1261 2496 studiosum
1289 2453 1347 2497 eus
1364 2437 1419 2520 ig-

212 2553 326 2598 norare
348 2554 410 2598 non
434 2534 536 2611 decet,
559 2551 628 2596 eum
649 2533 926 2616 frequentissimus
951 2535 1059 2596 berum
1074 2536 1311 2596 restitutionum
1332 2535 1418 2616 apud

212 2638 367 2700 Romanos
392 2637 487 2699 tuerit
510 2653 598 2698 usus.

252 2741 282 2820 ξ.
300 2736 392 2801 1238.
436 2733 492 2798 Est
514 2741 616 2798 eutem
640 2737 672 2797 in
695 2737 854 2818 integrum
877 2753 935 2798 seu
956 2736 1074 2817 integri
1098 2737 1256 2797 restitutio
1268 2733 1319 2820 ²),
1355 2753 1419 2797 non
1508 2697 1509 2744 5

211 2837 313 2904 solum
335 2837 521 2924 (secundum
545 2836 688 2922 Pontum)
710 2835 964 2918 redintegrandos
979 2837 1026 2897 rei
1041 2834 1094 2897 vel
1108 2853 1212 2898 ceusae
1227 2835 1332 2909 ecti03
1359 2835 1419 2898 sed

212 2955 303 3000 enne
327 2937 489 2999 decretum
512 2937 670 3014 Pretoris,
694 2955 734 3000 ex
754 2953 817 3016 pue
839 2943 927 2999 extre
941 2937 1082 2999 ordinem
1097 2935 1161 3010 illis
1175 2936 1339 3012 subvenit,
1365 2937 1420 3018 qui

210 3038 243 3098 in
266 3037 441 3116 captionem
467 3038 602 3117 aliquem
624 3037 815 3113 inciderunt,
839 3035 892 3098 vel
914 3037 1067 3098 actionem
1091 3035 1193 3099 dendo
1215 3035 1267 3098 vel
1291 3053 1422 3118 excep-

212 3138 341 3214 tionem,
364 3136 529 3200 ueletiam
551 3155 609 3198 sue
630 3139 731 3218 ipsius
752 3113 935 3219 cognitione
954 3154 1020 3199 rem
1033 3136 1190 3200 liniendo.
1212 3136 1421 3218 plerumque,

214 3241 249 3298 ut
270 3253 325 3300 res
346 3240 378 3300 iu
402 3237 540 3318 priorem
562 3243 675 3299 statum
697 3237 917 3323 reduceturi).

256 3343 287 3420 g.
302 3337 394 3402 1239.
438 3337 519 3400 Est'
511 3355 542 3398 rn
562 3339 720 3420 integrum
737 3338 897 3400 restitutio
912 3335 1098 3398 beneficium
1112 3333 1269 3410 Pretorio,
1290 3339 1423 3399 eonius

212 3441 344 3520 irnperio
366 3439 466 3520 magis
491 3455 581 3518 quum
603 3438 820 3502 iurisdictione
844 3457 879 3500 ce
902 3439 1058 3521 originem
1079 3435 1230 3522 trexit⁴):
1255 3434 1332 3496 inde
1353 3435 1422 3499 dil-

214 3538 277 3602 lert
298 3558 315 3601 e
338 3540 482 3619 pluribus
503 3541 701 3622 negotiorum
723 3540 981 3616 remissionibus,
1003 3557 1072 3620 quae
1093 3539 1163 3600 iure
1179 3536 1264 3599 civili
1278 3541 1422 3622 permit-

251 3785 280 3851 1)
300 3787 360 3852 Dig.
380 3787 427 3836 lib.
446 3783 472 3837 4.
491 3803 514 3837 c.
533 3783 639 3838 2.-55.
675 3786 719 3836 Ex
738 3785 831 3837 ordine
851 3787 1000 3838 studiorum
1025 3801 1042 3836 c
1058 3785 1203 3838 Iustinieno
1225 3793 1363 3854 precepto
1384 3793 1424 3841 fs-

215 3859 266 3908 cile
286 3858 453 3922 intelligitur,
472 3873 519 3907 our
536 3858 564 3909 in
583 3858 640 3908 eius
648 3857 846 3910 Institutionum
862 3859 937 3910 libris
953 3860 981 3910 ie
999 3858 1126 3926 integrum
1145 3859 1321 3912 insecutionis
1340 3864 1425 3914 euxi-

214 3931 281 3980 lium
301 3927 428 3980 omissum
446 3929 487 3982 sit.
523 3928 735 3994 Expliocbnutur
756 3931 829 3980 enim
845 3929 873 3982 in
891 3930 977 3996 prims
995 3936 1071 3994 pute
1089 3930 1261 3994 Digestorum.
1275 3930 1310 3982 ne
1330 3932 1365 3984 in
1383 3935 1425 3984 in-

215 4005 319 4065 tegrum
338 4000 549 4050 restitutionibus
569 4000 638 4050 tituli
661 3999 789 4066 inprime
811 4001 958 4051 studiorum
976 4016 1063 4062 enno,
1086 4001 1175 4053 stetim
1196 4007 1256 4067 posi
1274 4002 1428 4056 mutulos

218 4070 415 4124 institutionum
434 4071 524 4126 libros.
564 4071 619 4124 Cir.
638 4071 817 4124 constitution.
835 4088 940 4122 emicem
960 4074 1120 4138 reipublice
1137 4069 1160 4130 0.
1179 4069 1204 4122 2.

250 4139 277 4206 2)
297 4141 357 4206 Dig.
375 4138 403 4203 4,
420 4139 438 4192 4
459 4139 507 4208 (de
528 4143 555 4194 in
573 4143 666 4207 integr.
686 4139 789 4206 restit).
808 4141 836 4193 0.
857 4141 882 4204 2,
902 4140 937 4193 20
955 4139 1028 4204 (eod.
1048 4139 1107 4206 tit).
1133 4139 1346 4196 111111...
1370 4147 1424 4198 Sar

134 4249 136 4254 -
214 4217 304 4281 oigny,
325 4213 429 4279 system
447 4218 466 4263 t.
485 4213 541 4266 vlt
562 4212 600 4272 00.
624 4210 784 4268 315.·343.
803 4231 826 4266 v.
848 4212 948 4266 Keller
966 4214 993 4264 in
1012 4230 1054 4281 cp.
1072 4215 1093 4268 1.
1108 4212 1149 4274 00.
1159 4209 1202 4270 79.
1221 4211 1264 4266 80.
1293 4232 1319 4266 c.
1346 4215 1424 4269 Van·

213 4285 343 4351 p.erowl
363 4282 402 4342 00.
428 4281 487 4336 175.
493 4282 587 4337 -.193
626 4283 770 4351 Mcynel.
791 4281 1010 4342 00158-160

252 4353 280 4420 3)
299 4355 377 4407 Paul.
396 4354 415 4406 1.
434 4355 498 4416 cb
483 4355 551 4416 01
575 4361 604 4408 et
630 4355 815 4424 interpretatio
831 4355 916 4421 Wislg
917 4355 1042 4408 etinctum
1067 4355 1104 4408 ed
1127 4357 1154 4410 1.
1172 4359 1191 4407 t.
1210 4356 1244 4410 tu
1260 4355 1325 4409 edit.
1348 4359 1426 4412 Bon·

216 4427 302 4478 riensi.
321 4430 420 4492 recept
439 4431 504 4484 cent.
522 4427 603 4480 Pauli
662 4423 704 4480 13.
721 4429 752 4482 tr
773 4423 815 4480 24
834 4422 959 4486 051).
975 4421 1216 4530 4,4(1ιη1131

251 4493 280 4562 4)
301 4497 363 4564 Arg.
381 4498 413 4550 ir.
433 4495 475 4552 26.
495 4497 530 4548 1).
548 4493 592 4562 50,
613 4443 704 4562 fstd
715 4492 863 4566 municip.)-
