3098 4966
186 359 239 416 152
498 366 698 408 rmrrnnosss
715 365 790 406 tusis
808 331 913 406 nonest
933 361 1053 407 narrari,

185 501 314 578 sodalis,
336 500 410 562 item
432 499 626 582 legionibus,
649 500 676 561 si
698 497 788 561 miles
800 499 840 584 ²),
865 502 918 559 aut
941 495 1085 560 ecclesio
1106 501 1160 560 aut
1180 501 1385 578 monasterio,

187 605 216 666 si
238 603 373 666 clericus
396 601 513 688 eraut).
556 600 701 680 Denique
721 601 809 662 socio
827 597 1026 661 liberalitatis
1038 598 1197 678 imperalis
1209 602 1385 681 acquiritur

186 720 260 787 pars
282 703 465 766 decedentis
487 704 577 780 socii,
601 701 813 783 qutbcredes
836 719 898 764 non
922 699 1053 782 reliquit
1064 701 1101 782 ⁸).

228 808 259 886 ξ.
271 803 344 871 528.
389 803 549 885 Singulari
571 804 640 866 iure
662 802 801 884 quaedam
824 819 969 883 personae
995 807 1084 864 extra
1108 801 1248 865 ordinem
1270 803 1309 865 ad
1332 805 1386 865 in-

188 910 372 968 testatorum
395 904 585 966 hereditates
599 904 823 980 admittuntur;
847 904 948 966 veluti
965 903 1058 965 liberi
1072 903 1246 981 naturales,
1268 905 1308 981 is,
1331 905 1385 984 qui

186 1004 403 1068 misericordia
426 1011 529 1067 motus
549 1004 660 1068 furiosi
683 1025 701 1070 a
723 1005 868 1086 cognatis
893 1004 961 1067 suis
983 1001 1122 1086 neglecti
1145 1021 1250 1066 curam
1271 1021 1386 1068 susce-

187 1109 234 1189 pit
259 1124 394 1186 eumque
421 1106 454 1167 in
478 1105 602 1168 domum
624 1123 712 1168 snam
744 1107 865 1187 recepit
898 1110 930 1167 et
959 1103 997 1166 ad
1026 1109 1157 1166 mortem
1186 1120 1288 1186 usque
1318 1107 1384 1168 suis

187 1207 363 1287 sumptibus
386 1203 627 1294 sustentavit),
653 1213 685 1268 ct
705 1207 801 1269 vidua
825 1208 931 1287 inops.

228 1306 277 1368 De
300 1305 549 1368 extraordinaria
577 1305 749 1368 liberorum
771 1307 958 1370 naturalium
981 1307 1186 1368 successione
1206 1306 1267 1367 iam
1289 1321 1386 1386 supra

189 1407 234 1494 (ξ.
246 1406 335 1492 508.)
356 1405 504 1470 diximus.
548 1405 620 1470 Sola
644 1392 819 1470 concubina
842 1413 1005 1488 superstes
1027 1425 1090 1470 non
1113 1405 1265 1469 succedit.

230 1506 344 1589 §.521
388 1505 434 1568 Ne
458 1507 606 1569 indotatae
629 1509 778 1570 mulieres
800 1509 957 1570 defunctis
989 1510 1056 1570 suis
1085 1507 1205 1569 maritis
1235 1505 1386 1568 divitibus

189 1609 220 1670 in
243 1613 382 1669 extrema
407 1613 548 1689 egestate
571 1609 682 1670 vivere
702 1615 868 1692 cogantur,
890 1609 1081 1672 lastinianus
1102 1609 1134 1668 in
1147 1605 1288 1670 Novellis
1310 1625 1387 1670 san-

189 1708 283 1771 civit:
314 1712 349 1768 nt
369 1725 439 1768 cnm
461 1708 570 1770 liberis
591 1711 676 1786 suis,
706 1711 733 1772 si
756 1726 835 1790 quos
857 1710 1004 1791 reliquit,
1035 1714 1168 1771 vocetur
1192 1714 1223 1770 et
1245 1715 1390 1789 quartam

189 1812 309 1888 partem
328 1805 511 1869 hereditatis
532 1809 650 1889 capiat,
674 1811 700 1871 si
723 1827 824 1890 usque
847 1810 885 1873 ad
909 1816 974 1872 tres
997 1810 1115 1873 liberos
1137 1808 1302 1889 reliquerit
1326 1809 1387 1872 de-

191 1909 317 1970 functus
341 1907 394 1968 vel
415 1927 455 1969 err
477 1911 544 1990 ipsa
573 1911 625 1973 vel
651 1911 774 1974 exalia
797 1913 1009 1975 matrimonio:
1041 1916 1072 1972 et
1099 1916 1218 1991 partem
1250 1910 1387 1987 virilem,

190 2011 217 2072 si
240 2009 348 2090 plures
371 2008 464 2071 liberi
486 2012 688 2073 inveniantur
708 2013 897 2092 superstites
908 2013 952 2098 ⁵):
988 2013 1031 2075 ita
1053 2017 1171 2088 brnen,
1201 2017 1236 2072 ut
1264 2013 1297 2074 in
1323 2012 1386 2074 illis

189 2109 286 2172 rebus
307 2107 420 2173 mulier
440 2111 542 2174 solum
564 2113 793 2176 usumfructum
818 2114 947 2189 babeat,
979 2113 1147 2174 dominium
1170 2127 1248 2174 vcro
1277 2113 1387 2176 liberis

190 2210 254 2273 illis
276 2218 442 2290 servetur,
473 2232 552 2294 quos
576 2227 616 2276 ex
638 2234 676 2278 co
699 2217 895 2279 matrimonio
918 2217 1038 2280 babuit.
1082 2215 1114 2280 Si
1145 2214 1258 2278 mulier
1281 2231 1320 2277 cx
1349 2231 1388 2276 eo

186 2311 305 2375 liberos
327 2332 390 2376 non
415 2314 549 2393 habeat,
572 2334 624 2380 res
647 2335 716 2398 quae
739 2335 780 2380 ex
808 2317 983 2387 substantia
1005 2319 1066 2379 viri
1090 2317 1220 2380 adeam
1244 2315 1387 2391 veniunt,

132 2446 137 2453 ·
194 2413 285 2475 etiarn
308 2414 436 2478 dominii
456 2417 527 2480 iure
547 2419 651 2480 babet.
832 2491 834 2496 Ι
892 2421 912 2458 ⁰

687 2607 884 2618 ——n—--—.

715 2791 781 2854 tlt.
803 2793 853 2854 lll.

356 2969 418 3034 DE
443 2963 829 3039 TESTAtfflNTARHS
849 2970 1222 3041 HEREDITATIBUS.

347 3157 415 3208 TIT.
434 3159 455 3208 I.
492 3156 556 3220 QUI
574 3155 846 3210 TESTAMENTUM
866 3157 1006 3209 FACERE
1026 3155 1189 3212 POSSUNT
1203 3155 1234 3224 ⁶).

234 3291 348 3376 §.bdb
392 3289 620 3352 Testamentum
643 3309 660 3354 a
680 3291 843 3354 veteribus
868 3290 1014 3353 delinitur
1036 3292 1147 3354 mentis
1168 3298 1285 3355 nostrae
1307 3295 1388 3370 iusta

175 3398 365 3478 sententia,
394 3395 434 3457 de
459 3413 496 3457 eo
518 3393 694 3456 solenniter
717 3393 817 3470 lacta,
846 3393 929 3474 quod
954 3394 1023 3474 quis
1050 3398 1122 3473 post
1144 3399 1274 3454 mortem
1300 3411 1388 3456 suam

191 3495 260 3558 lieri
282 3495 360 3558 velit
373 3495 410 3582 7).
454 3496 539 3557 lusto
560 3501 702 3572 vocatur,
724 3497 751 3557 si
774 3494 887 3556 lactum
908 3494 949 3555 sit
969 3498 1188 3556 testamentum
1209 3494 1246 3556 ab
1262 3511 1311 3570 eo,
1334 3495 1388 3574 qui

192 3599 301 3658 testari
324 3597 393 3658 iure
411 3598 523 3677 potuit,
545 3596 720 3661 observatis
745 3593 985 3658 solennitatibus
1000 3595 1202 3676 necessariis,
1222 3595 1388 3657 continens

189 3750 388 3762 ——-·—-—

228 3833 255 3902 1)
276 3835 305 3886 G.
324 3833 349 3886 2.
369 3833 397 3886 G.
417 3833 478 3885 eod.
497 3833 534 3884 tit.
554 3833 691 3884 Vocantur
708 3833 766 3884 hacc
785 3833 892 3886 caduca
910 3834 1054 3900 legionum.
1073 3833 1116 3886 Fr.
1133 3832 1159 3885 2.
1179 3834 1212 3885 D.
1226 3829 1270 3896 38,
1291 3832 1325 3886 12
1345 3830 1391 3900 (da

111 3956 116 3964 .
193 3913 312 3960 veteram.
334 3911 361 3957 et
378 3905 452 3957 milit.
472 3901 563 3970 succ.)

229 3975 256 4042 2)
276 3978 304 4029 O.
326 3975 369 4028 20.
389 3977 418 4028 Ο.
438 3976 462 4038 1,
482 3974 499 4027 3
519 3972 565 4041 (ds
584 3975 716 4042 episcopis
733 3979 760 4026 et
778 3973 900 4042 clericis).
919 3977 987 4027 Nor.
1006 3974 1067 4028 131.
1086 3991 1110 4027 o.
1129 3974 1171 4028 16.

227 4045 255 4114 3)
276 4049 305 4100 C.
324 4063 368 4098 un.
389 4048 417 4099 (l.
440 4044 482 4110 10,
503 4043 540 4098 14
559 4045 591 4114 (si
614 4047 781 4098 liberalitatis
798 4049 942 4114 imperialis
961 4049 1049 4113 socius
1068 4042 1232 4112 decesserit).

227 4116 257 4184 4)
275 4120 320 4170 Ex
338 4120 404 4170 Nor.
425 4115 484 4170 115.
503 4134 525 4169 o.
544 4117 569 4170 3.
590 4117 613 4178 §-
634 4115 848 4170 lbandmittttur
867 4119 983 4170 exclusis
1001 4121 1123 4172 omnibus
1144 4119 1273 4186 cognatis.

230 4188 257 4256 b)
277 4192 344 4243 Nor.
362 4187 404 4242 62.
425 4207 447 4242 c.
466 4188 490 4240 6.
505 4190 578 4241 Nor.
599 4187 659 4241 113.
678 4205 699 4240 c.
720 4187 744 4243 5.
764 4191 808 4242 Ex
826 4190 875 4241 illa
895 4191 919 4241 ci
938 4204 1042 4257 semper
1065 4196 1161 4260 quarta
1178 4205 1241 4258 pars
1258 4191 1391 4241 bonorum

193 4263 281 4314 mariti
302 4263 424 4324 debetur,
443 4277 532 4329 noque
548 4277 611 4313 vero
630 4262 701 4312 ultra
721 4262 750 4314 C.
769 4263 828 4313 libr.
848 4275 949 4314 cursor.

230 4330 257 4398 6)
277 4335 339 4385 inst.
358 4332 383 4396 2,
403 4330 446 4383 12.
466 4335 499 4384 D.
519 4329 562 4395 28,
583 4332 607 4384 l.
629 4333 650 4384 (l
669 4331 695 4396 6,
714 4332 747 4384 22
767 4331 823 4402 (qui
839 4337 998 4385 testamenta
1015 4335 1106 4384 facore
1124 4335 1236 4399 possunt
1252 4331 1297 4383 val
1315 4327 1391 4398 non).

196 4403 255 4456 (aar.
273 4403 298 4455 2.
317 4402 340 4464 ἓ.
360 4403 419 4456 112.
439 4419 493 4472 soq.
514 4405 590 4454 Paul.
602 4403 649 4455 111.
667 4400 693 4454 4.
712 4404 773 4471 Ulp.
794 4405 852 4454 XX.
870 4405 912 4458 10.

231 4471 259 4538 7)
278 4475 321 4525 Fr.
342 4475 366 4526 1.
384 4477 418 4526 D.
434 4476 460 4528 h.
481 4480 498 4526 t.
527 4474 589 4542 Ulp.
606 4475 665 4537 XX,
686 4474 709 4526 1.
746 4477 855 4542 Proprie
880 4479 1069 4527 testamentum
1093 4474 1146 4526 dici
1168 4473 1265 4538 dabat,
1282 4474 1394 4526 solenne

180 4545 292 4597 'lntlmae
311 4547 455 4599 voluntatis
477 4548 690 4614 negotiumque
710 4547 787 4599 hares
806 4547 921 4599 directus
938 4547 1091 4599 instituitur.
