3064 4966
215 311 270 368 m
531 321 731 360 rssrrrnrrcrru
750 322 824 360 runis
844 323 948 362 scasas
969 323 1087 364 rarvnrr.

119 451 121 454 ’
216 451 275 516 vili
297 467 370 514 asse
392 452 590 527 consumtus,
614 457 668 514 aut
684 469 723 514 ex
740 453 812 514 iure
829 454 977 533 praetoric
991 453 1199 531 descendere,
1221 461 1274 519 aut
1288 473 1345 536 per
1360 459 1416 520 im-
1458 506 1466 517 .

212 558 392 633 paratorum
416 552 657 618 constitutiones
681 551 889 632 comprobari,
910 555 1077 633 iamsupra
1092 557 1243 618 monimus
1259 557 1414 648 (§.760.).

145 667 148 671 ·
255 655 286 735 ξ.
301 651 371 716 716.
417 650 491 713 lure
513 649 600 712 civili
623 650 835 734 obligationes
859 660 1032 718 nascuntur
1053 654 1106 716 vel
1129 673 1168 716 ex
1187 664 1350 722 contractu
1365 661 1414 724 vel

213 748 253 814 ex
273 750 439 829 maleficio,
465 752 517 815 vel
536 771 576 812 cx
597 755 695 816 variis
718 771 883 818 causarum
905 754 1067 846 figuris1).
1107 756 1293 822 Contractus
1316 763 1414 824 omnis

212 854 383 916 conventio
408 851 604 934 appellatur,
637 873 677 916 ex
699 871 759 934 qua
783 858 885 918 veteri
909 857 979 918 iure
1003 857 1090 920 civili
1112 862 1194 922 actio
1216 866 1320 939 potest
1346 881 1415 926 mo-

211 954 298 1028 veri;
323 970 424 1034 caque
449 953 501 1016 vel
524 957 555 1016 in
578 959 738 1036 proprium
760 975 872 1020 nomen
895 959 1078 1038 descendit,
1111 963 1163 1024 vel
1186 981 1311 1027 causam
1334 983 1414 1028 con-

211 1055 306 1137 tinet,
331 1073 455 1137 exque
479 1060 551 1137 quis
574 1059 644 1122 iure
669 1060 756 1122 civili
779 1060 990 1146 obligaturi).

253 1156 370 1236 §.tta
415 1158 644 1239 Antiquissima
674 1161 744 1223 iure
773 1180 902 1224 romano
934 1181 973 1224 cx
1001 1163 1135 1245 simplici
1164 1166 1308 1246 pactione
1334 1165 1419 1228 nulla

213 1257 376 1322 oriebatur
400 1260 570 1344 obligatio,
601 1265 662 1326 nisi
686 1270 740 1328 aut
760 1264 869 1328 verbis
891 1267 1053 1345 conceptis
1076 1265 1251 1328 solemnive
1275 1263 1420 1340 lormula,

209 1363 264 1420 aut
294 1357 409 1423 litteris
441 1361 556 1442 aliquis
586 1366 790 1443 promiserat,
822 1371 876 1428 aut
903 1367 1135 1446 praestationem
1164 1363 1348 1444 recipiendo
1386 1381 1421 1426 se

209 1458 302 1526 alteri
324 1462 418 1528 dandi
441 1465 493 1528 vel
517 1466 654 1530 faciendi
678 1470 870 1530 necessitate
892 1467 1156 1553 adstrinxerati).
1425 1533 1428 1538 ,

253 1560 336 1624 Talis
361 1567 721 1630 conventiocontractus
735 1568 909 1644 dicebatur,
932 1587 1001 1631 oum
1017 1567 1121 1630 civilis
1143 1565 1305 1648 obligandi
1323 1583 1421 1629 eausa

211 1662 242 1724 ci
263 1663 400 1740 inesset,
423 1666 592 1728 verborum
615 1667 739 1730 scilicet
758 1666 949 1744 solennitas,
979 1671 1032 1728 aut
1052 1667 1172 1744 facturn
1193 1667 1419 1746 praestationis.

209 1763 324 1826 Postea
346 1771 507 1844 receptum
529 1772 589 1842 est,
611 1772 644 1826 ut
664 1773 695 1828 et
710 1768 835 1828 nomine
850 1769 968 1846 scripte
983 1769 1151 1830 constituta
1170 1766 1323 1850 obligatio
1340 1786 1423 1829 con-

145 1900 148 1907 ]
208 1865 354 1927 trabendi
378 1867 441 1927 vim
464 1865 605 1928 baberet.
648 1866 752 1929 Aucto
765 1867 903 1948 denique
921 1868 1115 1928 commercio
1132 1873 1163 1928 et
1178 1867 1332 1947 ampliatis
1348 1870 1423 1930 vitae

210 1965 317 2028 civilis
337 1967 524 2044 rationibus,
549 1975 704 2048 precepta
726 1969 806 2044 iuris
828 1969 969 2050 gentium
985 1973 1112 2046 recepta
1130 1972 1214 2041 sunt,
1238 1973 1269 2028 et
1284 1968 1424 2048 quibus-

208 2064 277 2128 dam
300 2069 333 2128 in
357 2071 461 2131 causis
485 2087 524 2132 ex
554 2070 636 2132 nuda
666 2073 876 2133 conventione
907 2071 1058 2152 obligatio
1089 2067 1194 2131 civilis
1227 2069 1422 2156 admissa4).

209 2167 292 2232 lnde·
302 2170 417 2234 sactum
432 2179 492 2250 est,
505 2180 540 2235 ut
554 2175 757 2238 classicorum
770 2173 1078 2248 iurisconsultorum,
1091 2171 1191 2235 veluti
1201 2172 1267 2234 Gaii
1279 2176 1373 2234 atate
1385 2171 1424 2253 ⁵),

213 2275 350 2348 quatuor
371 2273 471 2336 modis
493 2275 636 2336 contrahi
657 2293 752 2355 posse
775 2275 963 2350 doceretur,
995 2273 1117 2336 scilicet
1139 2297 1186 2349 ss,
1210 2296 1323 2348 asans,
1348 2296 1424 2335 arr-

207 2391 304 2448 asans,
328 2393 498 2450 consussn3
531 2393 600 2456 que
625 2375 784 2438 distinctio
809 2378 900 2438 etiarn
925 2375 1152 2445 innovissimo
1175 2375 1245 2462 iure
1272 2391 1421 2449 romano,

208 2475 353 2552 tanquam
375 2493 493 2554 summa
515 2483 731 2540 contractuum
754 2476 881 2552 divisio,
903 2480 1029 2538 servata
1052 2475 1153 2560 esti).

247 2576 279 2654 ξ.
294 2574 365 2638 778.
410 2575 551 2658 Reliqua
569 2579 809 2654 conventiones,
832 2578 864 2640 in
887 2575 1001 2656 quibus
1023 2573 1110 2637 nulla
1133 2572 1286 2636 eiusmodi
1308 2572 1421 2634 civilis

209 2743 407 2758 m—

245 2845 274 2914 1)
295 2847 319 2910 ἓ.
338 2848 445 2914 1.Ι.3,
464 2849 564 2917 13(<10
584 2847 660 2916 obl).
679 2853 711 2904 fr.
732 2850 755 2902 1.
777 2869 816 2918 pr.
835 2852 867 2902 D.
886 2847 930 2912 44,
951 2846 967 2902 7
990 2848 1037 2916 (de
1057 2847 1110 2897 obl.
1130 2843 1246 2912 etant).

242 2916 271 2984 2)
289 2921 335 2971 ur.
355 2916 380 2972 7.
399 2921 423 2981 ἓ.
435 2921 459 2972 1.
475 2921 500 2973 2.
518 2920 545 2974 4.
564 2924 596 2974 D.
605 2921 631 2983 2,
652 2921 685 2974 13
708 2917 871 2989 (depactis).
890 2918 971 2972 1043.
990 2915 1102 2980 1).15,1
1122 2913 1169 2983 (de
1180 2912 1306 2984 peculio).
1326 2919 1362 2968 fr.
1375 2913 1421 2968 15.

207 2990 241 3040 D.
261 2990 304 3054 19,
323 2989 340 3042 5
360 2989 407 3058 (de
425 3008 529 3058 praescr.
547 2990 644 3057 verb).
1390 2987 1395 2998 ’

244 3055 273 3124 8)
293 3063 481 3130 Antiquissima
503 3065 630 3116 solemnis
647 3062 823 3114 contrahendi
841 3063 928 3112 torma
946 3061 1020 3126 apud
1039 3061 1175 3111 Romanos
1193 3063 1262 3112 acci
1278 3058 1328 3110 10.
1352 3063 1422 3112 ocris

207 3135 276 3182 naci
293 3132 365 3184 datio
382 3135 465 3186 luisse
484 3135 597 3187 videtui.
634 3135 739 3186 Nexum
764 3133 910 3194 dicebatur,
935 3131 1009 3200 quod
1026 3149 1073 3197 per
1092 3145 1126 3180 aes
1145 3135 1171 3180 et
1188 3127 1283 3180 libram
1302 3129 1422 3194 gereba-

206 3204 257 3262 tur,
277 3209 306 3254 ut
325 3206 384 3272 quis
405 3205 579 3273 obligaretur,
597 3210 772 3273 preterquam
791 3204 989 3268 manciparetur
1006 3200 1117 3268 (vaano
1138 3200 1171 3251 de
1191 3201 1295 3266 Lingua
1314 3197 1422 3256 nanas

206 3271 266 3323 Vll.
286 3271 311 3327 ὅ.
333 3275 356 3334 ἓ.
372 3275 432 3328 105.
459 3277 560 3326 ursana
581 3272 739 3341 miluum).
775 3275 836 3340 Ipse
856 3275 962 3325 debitor
978 3289 1066 3324 nexus
1083 3272 1240 3334 vocabatur,
1259 3286 1317 3320 cum
1339 3271 1423 3322 dam-

208 3359 257 3395 nas
276 3351 345 3398 esset
364 3347 429 3400 dare
448 3351 475 3400 et
493 3348 614 3414 stegs
634 3357 674 3393 nn
686 3346 814 3398 Tabular.
834 3361 851 3394 a
870 3345 1000 3396 creditore
1017 3360 1065 3410 per
1084 3344 1112 3393 in
1130 3351 1217 3388 lanus
1237 3349 1422 3388 laturarium

206 3417 266 3481 cogi
285 3421 312 3468 et
329 3419 400 3468 necti
416 3421 433 3469 1.
441 3435 464 3470 0.
484 3420 570 3470 donec
590 3420 704 3470 solveret
721 3418 748 3468 in
767 3415 879 3467 uinculis
897 3415 990 3478 teneri,
1009 3415 1088 3465 immo
1110 3413 1194 3464 sinon
1213 3413 1287 3464 tieret
1304 3413 1422 3474 solutio,

206 3491 280 3538 trans
299 3489 416 3540 'l'iberlm
436 3491 464 3540 in
486 3491 639 3542 servitutem
658 3489 739 3540 vendi
757 3493 855 3552 posset.
892 3489 943 3538 Per
967 3489 1054 3551 legem
1077 3485 1224 3536 Poetelium
1245 3501 1269 3536 a.
1287 3480 1352 3536 428.
1372 3485 1423 3535 nel

205 3553 268 3608 441.
287 3559 370 3609 latam
388 3567 489 3611 certum
508 3568 563 3623 est,
583 3561 738 3626 utpecunise
758 3557 864 3608 creditae
881 3560 954 3609 bona
975 3558 1122 3608 debitorum
1140 3571 1194 3606 non
1215 3571 1309 3620 corpus
1327 3555 1423 3606 obno-

206 3624 479 3694 xtumessent31nde
498 3633 560 3683 nexi
569 3631 648 3683 soluti
668 3637 695 3681 et
713 3635 848 3690 statutum,
869 3645 902 3680 ne
921 3633 1099 3680 necterentur.
1136 3626 1241 3678 Sensim
1258 3625 1423 3690 paullatim-

207 3715 258 3765 que
278 3702 334 3752 haec
354 3703 496 3769 pecuniam
515 3701 642 3756 credendi
660 3703 745 3753 sorana
765 3717 801 3751 ex
818 3715 868 3750 usu
892 3699 1009 3751 recessit.
1032 3726 1062 3735 —
1083 3699 1136 3750 Otr.
1150 3697 1304 3748 Ciceronem
1325 3696 1364 3748 de
1378 3699 1424 3748 of-

205 3769 400 3824 taruennae.
420 3775 480 3824 nul.
502 3775 571 3826 Gall.
589 3773 647 3824 XX.
667 3772 691 3824 1.
717 3769 822 3824 Livium
841 3771 914 3822 VIII.
934 3769 976 3822 28.
1014 3769 1151 3836 scripsere
1171 3768 1290 3819 deuexo
1313 3766 1424 3820 doctis-

206 3841 271 3909 simi,
284 3844 332 3893 riri
351 3844 384 3894 da
396 3845 512 3898 Sebaurl
529 3841 633 3910 (1839),
653 3847 682 3896 O.
694 3845 756 3896 asu
773 3839 876 3908 (1840),
895 3843 1040 3906 Bccbofsa
1050 3838 1153 3906 (1843),
1171 3834 1423 3906 uastandam).

207 3911 260 3962 cfr.
278 3919 406 3979 praterea
430 3933 454 3966 c.
479 3918 608 3980 Habeant,
634 3913 777 3968 Labrbnclr
808 3913 856 3965 dar
881 3912 1078 3966 Institutioncn
1101 3911 1163 3962 edit.
1182 3911 1231 3960 ΙΙΙ.
1251 3909 1273 3968 ἓ.
1291 3907 1356 3962 115.
1386 3913 1423 3964 U.

208 3981 313 4104 11121100
320 4021 328 4048 ,
355 3985 453 4038 Labrb.
479 3989 528 4040 dar
550 3987 747 4040 Institutionen
766 4003 810 4052 pp.
824 3982 867 4036 82.
887 3991 913 4036 et
931 3982 992 4036 309.
1015 3987 1041 4032 et
1062 3981 1181 4048 Mopna,
1209 3979 1356 4034 uramenta
1382 3985 1422 4035 11.

142 4119 143 4122 ’
241 4121 271 4188 4)
291 4126 328 4176 Hi
345 4126 408 4176 iuris
428 4127 545 4192 gentium
567 4125 735 4194 appellantur
755 4127 964 4178 contractans.
985 4122 1010 4176 5.
1030 4127 1062 4175 ir.
1081 4120 1107 4175 7.
1125 4141 1164 4190 pr.
1184 4121 1207 4181 ἓ.
1227 4121 1252 4174 1.
1279 4123 1313 4174 D.
1337 4123 1425 4188 2,14

207 4190 256 4260 (tit.
277 4193 341 4262 cit).
358 4196 422 4249 fr.1.
442 4197 497 4256 82.
512 4201 546 4249 D.
569 4198 611 4261 18,
631 4197 645 4250 1
666 4195 713 4262 (de
734 4203 803 4248 cont.
823 4195 910 4264 emt.).
925 4194 991 4250 fab.
1009 4197 1043 4247 D.
1063 4194 1119 4259 1,1
1140 4193 1186 4258 (de
1205 4194 1266 4244 inst.
1286 4200 1314 4246 et
1332 4197 1424 4263 iure).

205 4266 344 4322 Vocantur
362 4269 442 4340 etiam
467 4269 672 4338 synalagmatici
682 4303 690 4334 ,
709 4269 782 4338 quod
801 4271 871 4322 ultre
891 4271 1009 4338 citroque
1028 4265 1157 4340 obligant,
1176 4270 1202 4316 et
1221 4264 1425 4338 curctluygm

206 4341 376 4392 constituunt.

241 4405 270 4474 5)
292 4412 351 4463 Gai.
371 4413 434 4462 lust.
454 4428 548 4464 comm.
567 4410 591 4463 3.
613 4411 635 4472 ἓ.
657 4407 700 4464 88.
717 4413 749 4463 fr.
769 4409 793 4462 1.
814 4413 847 4463 D.
864 4407 909 4476 44,
927 4407 944 4462 7
966 4408 1013 4476 (de
1033 4409 1065 4460 O.
1083 4415 1110 4464 et
1131 4401 1184 4470 A.).

241 4477 269 4546 6)
289 4480 311 4541 ἐ.
332 4481 357 4534 1.
378 4483 398 4532 1.
420 4480 446 4546 3,
468 4478 568 4548 18(ᾶο
590 4477 666 4547 obt).
1237 4477 1242 4488 ’
