3062 4972
565 287 646 326 arasa
667 288 709 328 ιιι.
728 288 787 326 cnr.
805 287 866 330 vrrs.
1163 265 1167 273 ’
1259 281 1312 336 289

111 419 340 500 pausationem,
363 416 453 495 quasi
477 433 541 478 non
562 417 717 478 existente
739 416 856 494 debito,
877 419 997 498 petenti
1018 419 1065 480 rei
1087 419 1230 482 iudicata
1252 439 1312 483 ex-

113 519 217 599 ceptio
234 518 337 581 obstat
349 517 387 604 l).
434 517 466 581 si
487 515 615 580 solvere
637 517 878 597 malueritreus,
894 519 977 600 quod
990 521 1020 581 ei
1033 519 1177 598 debetur,
1199 527 1309 602 postea

112 624 223 700 petere
248 634 310 679 non
332 617 502 697 impeditur
516 617 555 703 ²).

155 722 185 802 5.
199 719 291 784 1018.
335 717 489 782 Novnrro·
507 737 569 782 non
593 719 692 782 omnis
717 719 918 802 obligationis
940 722 1069 783 mutatio
1091 719 1173 801 apud
1195 721 1310 783 Roma-

111 838 171 884 nos
195 827 345 896 vocatur,
377 820 434 882 sed
456 822 572 901 prioris
596 820 693 882 debiti
716 823 749 882 in
772 821 863 882 aliam
885 819 1110 903 obligationem
1139 822 1311 885 transfusio

111 929 206 1002 atque
228 920 411 997 translatio,
442 937 511 982 cum
534 939 574 983 ex
596 920 786 1003 precedenti
814 939 908 984 causa
931 923 973 984 ita
995 941 1077 985 nova
1099 925 1311 1000 constituitur,

111 1029 147 1086 ut
168 1026 255 1105 prior
277 1023 499 1109 perimaturl).

154 1128 185 1207 §-
200 1124 291 1188 1019.
337 1121 444 1185 Omnis
466 1123 619 1206 obligatio
649 1125 760 1187 novari
788 1129 909 1204 potest,
938 1143 998 1186 nec
1025 1125 1175 1201 interest,
1206 1129 1310 1185 utrum

110 1225 265 1293 naturalis
295 1225 353 1301 sit,
386 1225 510 1301 civiliS‚
553 1243 592 1287 an
622 1224 808 1302 honoraria,
843 1231 874 1286 et
895 1231 999 1288 utrum
1023 1243 1058 1286 re
1081 1243 1120 1286 an
1142 1225 1250 1286 verbis
1272 1243 1312 1286 an

112 1344 270 1391 consensu
293 1333 452 1391 contracta
469 1327 580 1389 luerit:
605 1326 771 1389 dummodo
787 1344 925 1408 sequens
939 1326 1092 1409 obligatio
1106 1333 1159 1387 aut
1173 1326 1312 1390 civiliter

111 1434 235 1506 teneat,
265 1433 319 1490 aut
340 1427 538 1504 naturaliter,
567 1433 598 1490 et
620 1427 680 1490 bae
707 1433 837 1510 agatur,
861 1433 895 1488 ιιι
925 1433 1076 1490 novetur:
1109 1447 1178 1490 nam
1202 1430 1229 1490 si
1251 1429 1312 1491 boo

110 1547 175 1592 non
199 1536 325 1612 agatur,
348 1531 417 1592 duae
438 1535 532 1592 erunt
552 1529 774 1612 obligationes.
818 1529 934 1592 Evenit
956 1529 1054 1610 igitur
1074 1528 1242 1606 interdum,
1267 1534 1317 1606 ut,

111 1630 369 1712 lieetposterior
391 1631 552 1711 stipulatio
575 1629 659 1716 (iure
683 1629 784 1716 civili)
807 1613 926 1692 inutilis
947 1631 999 1706 sit,
1023 1636 1124 1692 tamen
1145 1633 1232 1712 prior
1249 1650 1312 1694 no-

110 1734 249 1796 vationis
273 1734 343 1795 iure
368 1731 512 1794 tollatur:
535 1731 635 1794 veluti
658 1734 684 1794 si
706 1731 749 1808 id,
775 1730 859 1811 quod
881 1731 979 1792 Titius
1000 1731 1055 1792 tibi
1069 1731 1192 1808 debeat,
1216 1749 1312 1812 apu-

109 1833 189 1915 pillo
213 1837 282 1896 sine
305 1835 419 1896 tutoris
443 1835 630 1896 auctoritate
655 1833 823 1914 stipulatus
846 1832 957 1894 fueris.
988 1831 1063 1895 Nam
1085 1834 1171 1912 prior
1187 1831 1312 1894 debitor

109 1936 266 1998 liberatur
287 1940 318 1998 et
341 1934 499 2014 posterior
520 1933 672 2016 obligatio
695 1933 781 1995 nulla
805 1939 863 1995 est.
907 1933 976 1998 Non
998 1933 1079 1996 idem
1102 1935 1180 1995 iuris
1202 1939 1262 2008 est,
1287 1937 1314 1994 si

109 2052 244 2116 aservo
270 2035 342 2114 quis
365 2034 534 2114 stipulatus
558 2033 670 2110 luerit,
701 2051 770 2094 nam
794 2039 868 2095 tune
889 2035 977 2114 prior
998 2033 1130 2114 perinde
1152 2033 1312 2117 obligatus

110 2141 225 2211 manet,
248 2135 335 2196 acsi
358 2140 468 2214 postea
492 2133 599 2196 nullus
621 2133 789 2214 stipulatus
814 2132 957 2214 fuerit4).

154 2241 184 2320 §-
198 2236 291 2301 1020.
335 2234 383 2297 Fit
403 2236 531 2299 novatio
553 2254 610 2316 per
632 2235 884 2317 stipulationem,
908 2253 978 2296 cum
1007 2235 1222 2315 expromissor
1242 2237 1263 2296 i.
1285 2253 1313 2296 e.

109 2356 213 2402 novus
237 2337 361 2400 debitor
382 2341 565 2416 intervenit,
586 2346 639 2402 aut
657 2358 763 2403 novus
787 2339 942 2417 creditor,
964 2343 992 2401 si
1014 2339 1075 2401 alia
1095 2356 1148 2401 res
1179 2341 1312 2420 promit-

109 2442 196 2516 titur,
223 2443 277 2500 aut
297 2456 367 2501 cum
390 2439 456 2502 dies
480 2439 531 2502 vel
554 2439 692 2503 conditio
715 2440 861 2502 adiicitur
883 2439 933 2501 vel
956 2438 1131 2501 detrahitur
1153 2445 1206 2501 aut
1242 2458 1312 2503 cum

110 2559 206 2606 causa
231 2541 433 2623 obligationis
455 2547 612 2604 mutatur:
634 2542 800 2604 dummodo
823 2541 1044 2604 contrahentes
1067 2541 1204 2620 priorem
1227 2540 1312 2602 obli-

112 2644 270 2726 gationem
291 2641 473 2722 specialiter
494 2643 684 2720 remiserint,
708 2649 740 2704 et
762 2643 990 2724 expresserint,
1015 2659 1051 2704 se
1067 2639 1236 2703 secundam
1253 2642 1313 2704 ob-

111 2744 297 2825 ligationem
319 2762 377 2824 pro
401 2747 558 2809 anteriore
579 2746 702 2830 eligere
712 2746 752 2832 5).

154 2842 284 2924 Propria
307 2847 486 2908 novationis
508 2846 606 2910 forma
630 2846 789 2930 delegatio
813 2853 880 2921 est3
904 2846 1054 2930 delegare
1067 2851 1169 2908 autem
1181 2851 1231 2907 est
1242 2846 1313 2908 vice

112 2962 169 3008 sua
191 2943 286 3006 alium
306 2963 395 3008 reum
418 2947 493 3009 dare
516 2946 665 3009 creditori
688 2947 739 3009 vel
764 2948 815 3009 cui
834 2947 1012 3033 iusseritil.
1057 2944 1185 3009 Liberat
1211 2953 1314 3010 autem

112 3047 153 3122 is,
179 3047 233 3125 qui
254 3045 284 3107 id
298 3044 473 3126 qucdalius
488 3045 593 3124 debet,
617 3048 780 3128 promittit,
804 3047 978 3110 debitorem
1001 3048 1092 3109 etiam
1116 3049 1314 3130 ignorantem

112 3146 168 3212 vel
192 3146 350 3208 nolentem
366 3145 404 3232 ⁷).

157 3251 188 3330 ξ.
204 3246 295 3311 1021.
340 3247 466 3311 Novare
497 3255 647 3330 possunt,
679 3252 788 3330 quiet
816 3250 944 3312 solvere
966 3255 1121 3334 possunt,
1147 3250 1314 3336 atquibus

112 3353 203 3410 recte
226 3346 362 3410 solvitur
370 3367 380 3424 ;
413 3351 440 3411 is
461 3357 580 3428 tamen,
605 3353 658 3431 qui
680 3352 847 3413 solutionis
871 3367 964 3412 causa
987 3349 1128 3412 adiectus
1151 3356 1218 3425 est,
1242 3351 1315 3411 item

113 3446 349 3525 filiusfamilias,
368 3451 424 3511 'cui
447 3468 510 3513 non
534 3453 708 3532 expressim
733 3451 833 3514 libera
856 3450 972 3532 peculii
995 3449 1221 3514 administratio
1244 3450 1314 3512 data

114 3555 176 3626 est,
198 3566 317 3611 novare
337 3567 400 3611 non
419 3554 603 3640 possunt8).

158 3649 296 3734 §.1022
342 3649 473 3722 Quoties
496 3653 580 3733 quod
603 3672 682 3735 pure
705 3655 855 3731 debetur,
877 3655 1015 3718 novandi
1039 3668 1132 3716 causa
1155 3650 1212 3714 sub
1236 3669 1316 3714 con-

116 3807 317 3818 ——-———

151 3904 181 3974 1)
200 3907 245 3959 Fr.
262 3906 288 3958 7.
307 3905 364 3966 iel.
387 3902 416 3957 D.
435 3907 462 3959 b.
481 3913 500 3958 t.

150 3976 180 4044 2)
200 3978 244 4030 Fr.
264 3979 289 4031 1.
309 3978 331 4038 ἓ.
348 3975 375 4029 4.
396 3975 426 4030 D.
446 3977 489 4044 27,
507 3976 526 4031 4
545 3974 593 4043 (de
612 3984 695 4031 contr.
713 3984 761 4030 tut.
781 3977 854 4044 act.).

151 4047 180 4115 3)
199 4048 223 4110 8.
242 4047 268 4102 3.
287 4052 307 4100 1.
327 4049 389 4101 eod.
414 4046 473 4103 Gai.
491 4049 517 4102 3.
535 4049 558 4108 ἓ.
577 4047 736 4102 tte-179.
757 4048 788 4100 D.
806 4049 851 4114 46,
870 4047 895 4101 2.
914 4048 981 4100 (lod.
993 4044 1018 4112 8,
1034 4044 1070 4101 42
1091 4045 1138 4111 (de
1157 4045 1315 4114 moratica).

5 4171 8 4184 ,
113 4119 376 4175 212081

151 4189 181 4255 4)
201 4193 293 4246 Verba
312 4190 335 4250 §-
355 4190 379 4244 3.
400 4193 420 4243 1.
440 4194 466 4244 h.
484 4199 502 4244 t.
523 4207 634 4261 quorum
653 4192 717 4243 satis
737 4190 850 4242 difficilis
866 4197 907 4243 est
923 4191 1115 4262 interpretatio.
1143 4189 1196 4243 Oir.
1217 4189 1277 4241 Gai.
1289 4185 1314 4240 3.

115 4265 141 4328 ᾖ.
160 4259 319 4318 lie—179.
339 4263 461 4330 Theopb.
480 4270 507 4317 et
519 4265 706 4317 detractorum
727 4261 764 4312 ad
781 4265 851 4313 hunc
872 4263 894 4323 ἓ.

152 4331 180 4402 b)
199 4336 452 4388 lastinianuslnc.
463 4333 488 4387 8.
509 4337 538 4388 0.
558 4335 585 4384 h.
603 4341 623 4386 t.
643 4337 690 4385 afr.
708 4336 740 4385 fr.
760 4331 784 4385 8.
805 4333 827 4392 ἓ.
838 4332 863 4386 b.
887 4330 918 4384 b.
930 4335 956 4384 h.
975 4339 993 4384 t.
1013 4332 1036 4392 §-
1048 4331 1073 4385 3.
1092 4333 1199 4384 iamed.
1218 4332 1238 4383 1.
1250 4331 1312 4383 eod.

151 4403 180 4469 6)
200 4409 244 4458 Fr.
265 4407 307 4458 11.
328 4405 357 4457 D.
376 4408 402 4458 h.
421 4413 440 4458 t.
541 4402 570 4471 7)
589 4406 632 4457 Fr.
650 4404 675 4458 8.
694 4405 716 4466 ἓ.
736 4402 760 4456 5.
779 4409 810 4456 ir.
831 4404 874 4458 91.
896 4401 925 4455 D.
943 4401 1090 4470 46,3(da
1109 4400 1208 4468 solut).

151 4475 181 4544 8)
199 4479 244 4530 Fr.
263 4476 306 4531 14.
325 4493 364 4546 pr.
384 4481 417 4529 D.
437 4479 463 4529 h.
483 4484 501 4528 t.
545 4528 550 4546 ⁸

1114 4569 1149 4623 19
