3082 4976
216 331 251 386 10
534 339 734 378 rssrrrurrorsss
756 339 830 377 ruam
850 339 954 378 nonnus
973 341 1094 380 rnrrnrr.

258 473 339 536 luris
362 473 581 537 ecclesticstici
614 479 769 554 praecepta
793 474 903 554 partim
932 474 1033 554 ipsius
1056 475 1202 540 ecclesie
1237 480 1418 542 autonomia

102 657 106 666 Ι
216 576 376 650 nituntur3
412 576 524 656 partim
554 595 571 637 a
605 593 751 655 suprema
780 573 964 654 reipublice
994 581 1150 656 potestate
1181 580 1300 642 sancitu
1329 585 1416 642 sunt.

216 675 291 748 Cum
314 675 369 738 illu
389 677 428 736 iis
452 675 595 737 ecclesia
618 674 882 754 preceptionibus
904 675 1081 738 introducta
1104 677 1185 754 sint,
1223 695 1293 758 que
1317 693 1417 741 coco-

215 795 270 838 ner
292 781 455 851 vocantur,
480 792 597 837 summa
622 791 730 837 eorum
750 775 800 835 ius
822 775 1002 836 canonicum
1024 776 1212 856 appellatur.

256 876 347 959 §.ed
392 877 444 936 lus
467 875 626 956 publicum
652 881 815 937 externum
838 875 973 938 alieuius
1004 879 1140 940 civitatis
1174 880 1218 940 nil
1246 879 1331 941 aliud
1363 867 1415 942 esi

215 999 307 1062 quarn
327 997 399 1059 pars
421 980 490 1040 cius
511 980 601 1054 iuris,
636 981 719 1059 quod
741 981 834 1044 hodie
854 982 904 1043 ius
925 983 1083 1057 Gentium,
1117 999 1174 1044 seu
1197 984 1246 1044 ius
1268 981 1412 1042 interna-

215 1081 332 1144 tionale
354 1080 506 1161 appellari
529 1079 622 1142 solet.
666 1081 809 1145 Diversae
831 1087 911 1146 enim
932 1089 1057 1166 gentes,
1080 1083 1224 1144 civitates
1247 1086 1279 1144 et
1301 1099 1413 1164 regna,

215 1181 327 1246 solutae
350 1182 432 1242 inter
454 1198 489 1241 se
510 1186 542 1242 et
562 1181 686 1256 liberae,
716 1184 747 1243 in
761 1184 994 1270 ‘componendis
1017 1185 1133 1245 mutuis
1156 1185 1289 1245 interce
1312 1182 1414 1244 ratio-

215 1283 307 1346 nibus
330 1287 361 1344 et
382 1284 498 1358 causis,
521 1283 801 1345 consuetudinibus
825 1290 879 1346 aut
892 1285 1043 1362 moribus,
1067 1286 1157 1364 quasi
1180 1284 1308 1365 proprio
1330 1297 1415 1361 quo-

216 1383 285 1445 dam
306 1384 376 1444 iure
394 1387 538 1443 utuntur.
582 1381 750 1465 Reguntur
772 1402 810 1446 eo
840 1386 1000 1446 civitatum
1025 1384 1145 1448 foedera
1180 1390 1211 1446 et
1240 1385 1413 1464 pactiones,

216 1487 379 1562 sequantur
402 1486 586 1545 commercia
610 1485 889 1562 etcontrcversisc,
914 1464 1108 1569 legationum
1121 1487 1188 1548 iura
1210 1487 1413 1548 constituun-

215 1591 278 1661 tur,
299 1590 331 1646 et
352 1584 498 1646 definitur
518 1586 618 1647 omnis
648 1587 731 1647 inter
764 1586 910 1648 diuersos
933 1588 1086 1667 populos,
1120 1605 1190 1649 cum
1211 1587 1314 1667 pacis,
1347 1591 1410 1646 tum

215 1685 292 1748 belli
315 1691 456 1766 tempere
478 1687 576 1760 ratio;
605 1686 689 1748 unde
710 1691 759 1749 est
781 1692 834 1748 aut
855 1688 932 1749 belli
954 1691 1004 1750 ius
1027 1694 1081 1750 aut
1101 1692 1198 1768 pacis.

259 1787 355 1869 §.35
400 1787 566 1866 Superest,
602 1793 637 1848 ut
658 1787 697 1849 de
720 1789 789 1850 iure
815 1790 938 1868 privato
959 1789 1172 1870 dispiciamus.
1223 1788 1289 1874 Hoc
1310 1791 1415 1849 autem

177 1945 182 1954 .
217 1885 415 1970 singulorum
437 1889 631 1968 privatorum
654 1889 721 1948 iuru
746 1888 984 1971 distinguuntur
1007 1897 1038 1952 et
1059 1889 1255 1952 ordinantur.
1299 1887 1415 1950 Rerum

218 1986 364 2063 dominia,
385 1989 614 2064 commercium,
637 1987 857 2070 obligationes,
881 1991 1084 2066 hereditates,
1107 2005 1312 2071 personarum
1334 1989 1416 2062 iura,

218 2087 407 2168 familiasque
431 2087 554 2149 vincula
578 2089 646 2149 iure
669 2089 791 2169 privato
816 2089 1080 2165 determinantem
1113 2093 1186 2152 item
1208 2087 1417 2170 quemadmo-

219 2189 291 2251 dum
327 2189 393 2249 haec
425 2189 491 2250 iure
516 2189 737 2267 acquirentur,
771 2197 1000 2253 conserventur
1022 2191 1074 2254 vel
1097 2187 1326 2277 amittantur1).
1379 2187 1416 2249 ln

219 2307 338 2374 genere
359 2295 461 2351 autem
484 2294 605 2369 spectat
627 2277 677 2350 ius
698 2291 853 2369 privatum
876 2291 928 2353 vel
957 2292 994 2354 ad
1017 2305 1188 2374 personas,
1213 2289 1265 2353 vel
1288 2287 1324 2350 ad
1349 2303 1415 2364 res,

220 2390 333 2479 uelud
355 2389 565 2472 obligationes
589 2395 620 2450 et
642 2389 680 2451 ad
703 2391 844 2454 actiones
859 2391 898 2478 ²).

694 2580 940 2592 ——.....

756 2743 822 2807 oli.
842 2745 877 2807 ll.

358 2906 585 2978 HISTORIAE
604 2907 721 2978 IURIS
744 2907 919 2976 ROMANI
941 2903 1238 2975 ADUMBRATIO
1254 2909 1289 2988 ³).

222 3086 290 3138 TIT·
300 3091 321 3140 Ι.
359 3090 407 3139 DE
426 3087 511 3139 IURE
531 3087 681 3139 ROMANO
701 3089 749 3138 AD
770 3085 866 3138 URBE
885 3083 1044 3136 concina
1062 3079 1185 3144 USQUE
1204 3082 1252 3132 Ab
1274 3081 1418 3136 TEMPUS

512 3176 616 3226 LATAE
636 3174 743 3228 LEGIS
761 3175 819 3224 ΧΠ.
856 3165 1122 3235 understood.

381 3300 412 3352 Α.
434 3298 463 3351 U.
484 3296 512 3349 0.
533 3298 552 3350 Ι.
573 3298 618 3350 ΑΙ)
638 3300 669 3350 Α.
692 3295 764 3350 000.
784 3296 873 3349 ANTE
889 3293 941 3346 CH.
961 3291 1056 3346 occi.
1076 3319 1109 3329 --
1130 3288 1245 3342 cccci.

266 3435 296 3516 ξ.
309 3429 360 3495 36.
404 3429 484 3492 loris
506 3430 634 3493 Romani
657 3431 748 3511 origo
773 3447 812 3490 ex
835 3427 1046 3509 vetustissima
1068 3429 1176 3510 populi
1199 3427 1327 3490 Romani
1349 3425 1419 3489 his-

227 3551 425 3564 σ-ι-ι--ιι-

260 3603 287 3670 1)
306 3606 348 3656 Fr.
368 3603 412 3656 31.
434 3605 466 3653 Ι).
488 3601 512 3666 1,
531 3601 548 3654 3
566 3603 613 3663 (de
631 3597 756 3668 legibus).

259 3673 287 3741 2)
305 3677 348 3726 Fr.
370 3675 393 3726 1.
414 3677 448 3725 D·
473 3672 496 3735 l,
516 3671 533 3725 5
552 3671 599 3739 (de
619 3679 689 3724 statu
706 3667 790 3737 horn.)
811 3669 902 3732 §.12,
925 3671 945 3720 Ι.
969 3669 993 3732 1,
1013 3670 1029 3722 2
1050 3667 1102 3736 (tic.
1125 3669 1192 3732 cit).
1237 3669 1332 3722 Mutus
1351 3673 1419 3722 inter

223 3750 264 3800 ius
281 3749 421 3814 privatum,
440 3746 576 3812 publicum
595 3741 749 3808 (internum)
770 3748 796 3793 et
820 3744 861 3794 ius
882 3743 997 3808 gentium
1024 3743 1092 3794 ratio
1120 3745 1176 3795 hoec
1197 3747 1244 3794 eet.
1288 3743 1349 3794 Iure
1368 3741 1419 3808 pri-
1489 3738 1495 3756 '

222 3825 286 3872 rete
305 3823 432 3884 reguntur
449 3816 659 3868 necessitudines
681 3830 738 3882 quae
762 3815 832 3865 inter
859 3813 979 3864 homines
1008 3815 1127 3880 singulos
1150 3814 1333 3876 intercedunt3
1360 3813 1419 3864 iure

222 3891 330 3958 publice
348 3888 557 3940 necessitudines
577 3887 643 3939 inter
661 3891 731 3940 eicco
759 3891 785 3936 et
809 3886 927 3951 singulos
952 3886 1073 3938 homines
1097 3891 1123 3938 et
1147 3884 1233 3952 ipsam
1257 3888 1419 3946 civitatem,-

224 3962 341 4029 gentium
362 3960 477 4026 denique
495 3961 552 4011 iure
570 3959 684 4023 ipsorum
704 3957 859 4023 populorum
878 3960 970 4006 mutuo
989 3957 1055 4006 iura.

259 4029 288 4097 3)
307 4033 488 4082 Enncrremus
505 4032 533 4080 in
552 4031 603 4080 hcc
623 4027 828 4078 adumbratione
847 4027 1016 4078 solummodo
1041 4027 1154 4078 fontium
1173 4025 1238 4078 iuris
1263 4025 1366 4076 romani
1394 4030 1421 4076 et

225 4104 340 4156 scientiae
357 4105 420 4154 iuris
439 4102 584 4162 historiam,
604 4115 684 4166 quum
704 4099 886 4150 Iurisconsulti
898 4098 1049 4150 Germanici
1067 4097 1220 4150 Historiam
1238 4099 1307 4150 s'urr‘s
1329 4105 1420 4148 eeter-
1525 4087 1526 4104 ³

224 4191 291 4226 nom
317 4175 455 4242 appellare
477 4176 678 4224 consueverunt.
727 4170 865 4237 Sequimur
884 4173 990 4219 aetatum
1010 4170 1191 4230 distinctiones
1211 4183 1228 4216 o
1247 4168 1420 4220 celeberrimo

225 4245 341 4312 Hugcne
368 4247 480 4311 primum
507 4246 591 4294 factes
616 4247 642 4292 ei
667 4258 684 4292 a
704 4239 824 4307 plurimis
848 4241 1003 4292 auctoribus
1020 4240 1155 4308 hodieque
1178 4245 1299 4304 receptas
1324 4243 1370 4288 aut
1394 4239 1421 4289 in
1525 4295 1526 4298 Ἴ

225 4318 317 4384 puceis
342 4322 458 4368 mulctes
477 4314 560 4365 ueluti
579 4315 687 4364 coeth.
698 4312 810 4365 Hcltc'ua
828 4313 855 4363 in
868 4312 998 4364 Historiae
1016 4314 1084 4364 iuris
1104 4314 1215 4364 romoni
1232 4313 1416 4370 lineamentis,

226 4405 338 4458 querum
359 4389 444 4438 ultera
462 4385 543 4435 editio
564 4383 661 4450 prodiit
672 4383 786 4434 Traiecti
806 4383 842 4434 ad
861 4383 983 4433 Rhenum
995 4379 1073 4445 1840,
1095 4386 1122 4432 et
1139 4381 1336 4434 aBruxellensi
1354 4380 1418 4433 iuris

225 4461 379 4512 Professore
392 4459 493 4510 Ocroto
505 4455 606 4521 Magne
624 4455 651 4504 in
669 4455 708 4504 hl
722 4455 808 4520 operis
827 4455 868 4506 sui
881 4451 1025 4506 Eldmscsts
1047 4455 1084 4506 du
1104 4455 1177 4505 droit
1194 4456 1311 4506 remoto.
1330 4451 1418 4503 Bruc.

226 4528 303 4582 lese.
340 4530 425 4581 Paule
445 4527 552 4580 uberius
571 4525 686 4578 eandem
703 4527 816 4580 sonuum
834 4525 898 4579 iuris
923 4524 1028 4578 rcmcni
1045 4523 1182 4580 historiam
1199 4523 1372 4592 exposuimus
1391 4523 1419 4574 ln
