3064 4966
533 333 615 372 narra
635 335 666 373 ιι.
686 335 755 372 rans
774 337 805 374 ιι.
825 336 882 378 cnr.
901 337 928 376 r.
1284 327 1336 384 189

134 469 233 528 esset.
280 463 434 546 Optimum
462 469 565 527 autem
589 467 638 528 ius
668 453 766 550 legati
794 485 852 550 per
876 469 1102 531 damnationem
1133 468 1232 554 ast1).
1277 469 1339 534 Sed

134 565 203 628 hec
223 566 299 628 satis
322 565 363 628 de
384 565 562 649 legatorum
583 567 739 630 formulis.

179 669 210 748 ᾗ.
225 665 296 730 678.
342 666 404 730 Sub
427 665 520 729 finem
543 668 726 750 reipublicae
747 685 808 732 usu
832 675 864 732 et
886 671 1025 734 moribus
1046 669 1190 747 invaluit,
1213 675 1248 732 ut
1266 666 1337 734 sno-

134 769 229 830 rituri
252 771 344 830 eti-am
365 785 428 831 non
450 769 597 832 civilibus
622 769 678 843 sed
698 771 869 850 precativis
893 773 1001 835 verbis
1027 763 1212 836 donationes
1235 764 1338 833 relinl

137 875 283 949 querent,
307 875 458 951 rogantes
479 869 615 932 heredes
638 887 714 933 suos
738 871 790 934 vel
813 873 843 933 in
866 877 1050 935 testamento
1070 871 1123 933 vel
1142 889 1200 952 per
1216 871 1337 953 episto-

136 969 185 1032 las
210 971 279 1032 sive
302 967 467 1032 codicillos
479 970 519 1058 2),
544 976 578 1030 ut
591 971 727 1051 aliquam
737 990 803 1034 rem
815 972 868 1034 vel
881 979 913 1035 et
928 972 1111 1034 hereditatis
1134 977 1258 1053 partem
1276 971 1338 1033 ali-

137 1071 189 1132 cui
210 1071 428 1132 restituerent.
464 1070 502 1132 Et
517 1071 583 1132 haec
595 1071 827 1151 fideicommissa
843 1073 1037 1136 vocabantur
1052 1071 1091 1159 8).
1127 1071 1229 1134 Verba
1243 1069 1338 1134 fidei-

138 1172 375 1234 commissorum
389 1170 456 1233 haeo
470 1178 575 1234 erant:
600 1191 684 1253 roqo,
707 1181 788 1254 peto,
812 1175 891 1254 colo,
911 1175 1135 1255 fideicommitto
1154 1173 1240 1248 dori3
1263 1169 1338 1234 item
1427 1213 1430 1224 ι

137 1271 444 1352 ιιιαιιάο,.ἀερνιιοοι·,
467 1273 568 1353 cepio,
588 1275 724 1356 inicaqo,
750 1275 940 1364 desider04).

180 1373 296 1456 §.aad
340 1373 470 1437 Multum
495 1382 598 1438 autem
621 1376 808 1440 differebant
830 1397 877 1455 ea,
903 1395 972 1458 quae
995 1396 1052 1459 per
1066 1377 1338 1441 fideicommissum

138 1473 412 1555 relinquebantur,
436 1476 473 1538 ab
494 1478 543 1554 iis,
569 1495 639 1567 quae
659 1478 846 1562 legabantur
860 1480 899 1566 5).
934 1479 972 1542 Et
992 1479 1100 1560 primis
1116 1479 1241 1558 quidem
1256 1483 1339 1538 tern-

138 1575 270 1656 porifius
290 1575 410 1638 infirma
432 1575 522 1639 fuere
545 1575 797 1657 fideicommissa,
820 1583 936 1662 quippe
950 1597 1019 1660 quae
1032 1578 1159 1642 heredis
1181 1579 1339 1662 religione

139 1675 192 1738 vel
212 1675 334 1757 pudore
357 1677 612 1756 continebantur,
644 1697 713 1741 oum
735 1678 841 1762 legata
863 1698 920 1762 per
943 1679 1095 1762 vulgares
1118 1681 1276 1756 actiones,
1308 1684 1340 1740 et

141 1777 293 1842 formulas
313 1778 549 1864 peterenturi).

180 1877 291 1940 Postea
314 1895 392 1940 uero
415 1878 587 1960 Imperator
608 1881 774 1962 Augustus
805 1881 904 1944 semol
934 1883 1110 1962 iterumque
1140 1881 1239 1964 gratia
1262 1897 1339 1961 per-

139 1995 289 2042 sonarum
312 1985 433 2056 motus,
462 1979 515 2042 vel
539 1984 614 2062 quia
635 1999 693 2061 per
716 1983 816 2062 ipsius
842 1983 973 2044 salutem
999 1988 1131 2065 rogatus
1156 1983 1227 2062 quis
1250 1980 1339 2042 dioe-

139 2085 247 2155 retur,
271 2086 325 2141 aut
346 2080 385 2142 ob
408 2081 564 2164 insignem
589 2083 793 2162 quorumdam
815 2084 993 2164 perfidiam,
1018 2085 1111 2145 iussit
1137 2080 1339 2157 Consulibus,

11 2221 17 2228 -
90 2242 92 2246 ,
139 2181 468 2244 auctoritatem-suam
493 2183 707 2263 interponere.
753 2183 842 2257 Quod
867 2185 939 2264 quia
960 2187 1076 2246 iustum
1101 2182 1285 2258 videbatur,
1309 2185 1339 2242 et

139 2282 293 2364 populare
316 2287 403 2358 erat,
417 2279 565 2363 paulatim
589 2299 778 2345 conversum
800 2289 849 2346 est
863 2285 894 2345 in
910 2284 1066 2346 assiduam
1081 2281 1339 2357 iurisdictionem,

138 2388 310 2462 tantusque
333 2400 441 2445 eorum
465 2382 556 2444 favor
579 2381 680 2446 iaetus
704 2368 819 2460 estsut
842 2387 933 2448 etiarn
953 2383 1070 2446 Praetor
1087 2385 1233 2464 proprius
1246 2401 1339 2445 crea-

136 2489 236 2560 retur,
261 2485 314 2565 qui
335 2483 374 2546 de
397 2483 644 2548 fideicommissis
666 2486 716 2548 ius
740 2485 878 2564 diceret,
904 2503 995 2568 quem
1019 2485 1338 2547 fideicommissarium

137 2583 385 2672 appellarentt).

179 2687 367 2750 Universum
387 2692 490 2749 autem
515 2686 825 2751 fideicommissorum
849 2689 899 2750 ius
921 2689 1067 2770 equitate
1090 2689 1215 2769 potius,
1246 2705 1338 2769 quam

136 2789 216 2851 iuris
237 2789 348 2870 rigore
372 2786 620 2866 diiudicabatur,
654 2789 755 2852 donec
779 2791 896 2852 sensim
920 2793 1101 2870 sensimque
1124 2790 1274 2854 universa
1298 2787 1338 2850 de

137 2887 253 2972 legatis
275 2893 433 2969 praecepta
455 2889 493 2952 ad
515 2887 752 2953 fideicommissa
775 2891 977 2952 traherentur
988 2891 1029 2978 8).
1067 2947 1070 2960 ,
1104 2899 1108 2904 “

184 2990 301 3072 §.sto
344 2988 391 3051 Ex
422 3007 484 3052 usu
515 2991 687 3053 recedente
716 2991 841 3072 antiqua
874 2991 1076 3055 formularum
1106 2991 1338 3066 observatione,

140 3089 391 3177 Imperatores⁰)
424 3088 663 3168 Constantinus,
696 3091 897 3155 Constantius
923 3098 954 3154 et
978 3090 1131 3155 Constans
1160 3091 1337 3168 edixerunt,

142 3189 239 3276 (anno
261 3209 292 3271 p.
318 3189 374 3252 Ch.
397 3209 428 3252 n.
452 3191 548 3278 339):
575 3191 606 3253 in
630 3189 744 3274 legatis
769 3198 801 3255 et
823 3192 1070 3256 fideicommissis
1093 3193 1262 3255 verborum
1278 3191 1339 3253 ob-

143 3292 336 3354 servantiam
357 3291 482 3353 minime
505 3308 576 3353 esse
598 3294 822 3368 necessariam,
845 3298 879 3354 ut
901 3291 979 3353 nihil
1001 3309 1135 3373 prorsus
1157 3285 1337 3368 interesset,

140 3391 257 3470 quibus
279 3391 385 3453 verbis
409 3393 479 3472 quis
503 3390 697 3454 voluntatem
720 3409 808 3456 suam
829 3391 1068 3455 manifestasset.
1101 3391 1247 3472 Denique
1266 3389 1339 3452 lus-

139 3492 277 3555 tinianus
297 3489 478 3555 voluntates
504 3491 723 3556 defunctorum
745 3492 916 3558 validiores
945 3509 1018 3555 esse
1040 3493 1189 3574 cupiens,
1220 3497 1252 3554 et
1275 3506 1339 3552 non

150 3643 346 3656 ——-.—..

174 3728 374 3795 necares
376 3727 768 3793 ..noraoasramrnt
858 3711 1053 3803 mornas
1038 3729 1324 3804 ιι...ιο,>ιιιι.
1392 3709 1394 3712 ’

173 3801 263 3868 3)Pr.
283 3804 303 3854 1.
323 3803 348 3866 2,
359 3730 406 3855 ἓ25
426 3799 472 3868 (de
492 3802 648 3870 ecdicillis).
684 3805 746 3872 Ulp.
766 3805 850 3856 XXV
868 3800 893 3858 1.

171 3869 202 3940 4)
221 3874 284 3942 Ulp.
301 3875 385 3925 XXV.
404 3874 430 3927 2.
465 3875 576 3940 Paulus,
581 3893 644 3932 ree.
663 3823 738 3929 sentp
748 3877 794 3928 IV.
813 3875 837 3928 1.
856 3875 879 3936 ι’.
899 3874 923 3928 6.
948 3874 1073 3928 6ιίιιι2.
1101 3875 1125 3935 fi.
1143 3871 1204 3927 249.
1224 3870 1286 3926 256.

173 3941 202 4010 5)
223 3946 320 3998 Omnia
349 3945 501 3999 discrimina
525 3949 616 4015 legata
643 3949 711 4001 inter
741 3954 768 4002 at
792 3948 998 4001 fideicommissa
1030 3945 1170 4016 diligenter
1200 3947 1339 3998 enumeret

138 4015 203 4154 αεὶ6)
217 4016 282 4140 {defi
301 4013 451 4147 26556266.
469 4089 489 4140 Ι.
509 4088 535 4153 2,
553 4087 588 4143 23
606 4088 654 4155 (de
672 4090 831 4142 fideicomm.
850 4087 965 4156 hored).

173 4159 202 4226 7)
222 4161 287 4212 Haeo
311 4159 407 4212 iisdem
432 4162 488 4212 iera
509 4162 599 4214 verbis
624 4163 810 4214 enarrentur
802 4179 830 4216 m
856 4161 879 4221 6.
897 4161 922 4214 1.
946 4162 967 4213 Ι.
986 4158 1020 4226 2,
1042 4157 1077 4214 25
1105 4159 1152 4228 (de
1176 4160 1337 4213 fideicomm.

135 4228 274 4296 heradii..)
310 4217 501 4286 rarseauuone
520 4234 734 4286 extraordinarie
751 4235 832 4300 igitur
853 4233 1060 4286 fideicommissa
1077 4235 1246 4301 petebantur.
1277 4230 1337 4282 Gai.

137 4299 394 4441 2ll§)12117fi3orariae
406 4375 559 4429 differentiae
576 4375 645 4429 inter
662 4375 868 4429 fideicommissa
894 4375 1167 4443 atleqatasublatae,
1187 4373 1337 4441 dequibus

139 4445 253 4597 (iam
264 4443 461 4584 {13833338337
481 4515 530 4584 (ds
547 4513 667 4586 legatis).
