3098 4966
550 322 630 361 utera
649 323 679 362 rr.
700 319 766 360 atre
788 321 805 356 r.
826 319 884 361 cor.
904 319 942 358 ιν.
1022 311 1024 316 ’
1053 365 1057 372 ,
1292 309 1345 366 127

140 453 275 522 incultas
308 454 403 519 alicui
434 451 629 518 conceditur.
674 451 824 516 Praedium
855 449 1119 531 emphyteuticum
1150 467 1254 532 neque
1284 453 1346 534 ipsi

141 551 339 630 conductori,
363 569 467 633 neque
489 551 600 615 heredi
618 553 697 628 eius,
721 551 887 630 nequem,
913 551 963 611 eui
990 550 1163 614 conductor
1174 553 1225 615 vel
1249 553 1344 616 heres

139 657 212 720 eius
232 653 312 716 illud
331 653 576 730 abalienaverit,
608 651 727 714 auferri
746 655 868 731 potest,
901 650 1048 732 quamdiu
1071 651 1209 735 vectigal
1230 653 1345 733 pendi-

140 761 195 818 tur
206 755 245 844 ¹).
294 754 401 818 Potest
430 754 631 836 emphyteuta
663 753 780 816 domini
814 752 851 814 od
884 753 982 814 instar
1013 769 1124 835 agrum
1156 753 1345 835 vectigalem

141 858 257 936 quovis
280 856 384 933 modo,
408 861 468 918 tam
489 857 573 918 inter
594 857 686 918 vivos
707 872 798 936 quarn
820 857 929 917 mortis
950 872 1056 930 causa.
1079 853 1219 917 alienare
1233 854 1280 942 ’γ
1303 855 1347 918 ita

140 963 257 1034 tarmen,
283 963 317 1020 ut
340 957 367 1020 si
389 957 530 1022 vendere
554 956 682 1019 fundum
697 955 784 1033 velit,
811 973 881 1018 eum
903 957 991 1036 prius
1012 956 1072 1035 ipsi
1095 953 1219 1018 domino
1236 973 1346 1018 emen-

141 1057 215 1124 dum
240 1056 362 1135 obierat,
384 1061 438 1138 qui
461 1057 678 1139 preferendus
700 1063 760 1134 est,
785 1057 813 1120 si
847 1057 1027 1120 tantundem
1051 1057 1132 1120 intra
1156 1056 1235 1119 duos
1255 1075 1347 1118 men-

140 1175 194 1220 ses
216 1157 292 1220 dare
314 1159 471 1236 maluerit,
497 1164 644 1239 quantum
673 1158 754 1220 alius
779 1157 930 1221 obtulerit
942 1157 983 1245 ³).
1036 1156 1128 1222 Facta
1157 1156 1347 1221 alienatione

111 1289 115 1292 ·
141 1261 406 1342 quinquagesima
420 1259 515 1339 pretii
538 1255 591 1320 vel
607 1258 821 1320 estimationis
838 1275 911 1338 pars
925 1257 1049 1321 domino
1061 1258 1237 1338 praestanda
1254 1258 1346 1343 est4).

141 1361 220 1424 ltem
243 1364 275 1422 et
295 1347 468 1422 servitutes
493 1358 525 1418 in
549 1355 645 1420 lundo
667 1360 862 1420 constituere
883 1363 988 1437 potest
1012 1357 1211 1438 emphyteuta
1227 1359 1347 1440 etpig-

140 1459 281 1522 neribus
298 1475 368 1520 eum
393 1475 547 1519 onerare:
570 1473 639 1536 quae
660 1457 728 1520 iura
750 1474 839 1532 vero,
862 1459 1000 1520 rescisso
1014 1459 1083 1520 iure
1099 1458 1346 1538 emphyteutico,

140 1565 174 1623 et
194 1561 262 1641 ipsa
286 1557 510 1622 rescinduntur
520 1557 560 1644 ⁵).
616 1556 761 1635 Denique
787 1561 819 1618 et
848 1555 978 1620 sormam
1010 1557 1119 1638 praedii
1143 1563 1262 1620 mutare
1285 1576 1347 1639 po-

141 1667 217 1739 test,
240 1657 407 1724 dummodo
430 1655 510 1720 illud
533 1656 675 1719 deterius
699 1675 761 1720 non
784 1656 927 1746 saciati).
954 1659 1015 1722 Sed
1041 1658 1242 1739 emphyteuta
1266 1676 1347 1740 pen-

140 1765 264 1826 sionem
283 1762 368 1822 iusto
390 1761 533 1838 tempore
555 1756 674 1820 inferre
699 1757 809 1834 debet,
830 1777 890 1820 nec
911 1765 1041 1840 propter
1064 1746 1347 1842 loci'sterilitatem

140 1869 198 1926 aut
218 1861 354 1926 hostium
377 1860 599 1935 incursionem,
623 1859 842 1922 remissionem
864 1861 1034 1942 impetrare
1059 1866 1178 1940 potest;
1211 1861 1348 1940 denique

142 1963 262 2026 tributa
284 1977 461 2044 agnoscere
485 1965 517 2022 et
538 1959 689 2040 predium
713 1959 786 2022 honi
809 1960 1043 2042 patrisfamilias
1067 1961 1231 2044 diligentia
1254 1961 1349 2024 adhi-

140 2066 205 2126 bita
229 2063 336 2126 colere
358 2060 469 2136 dehet;
493 2077 563 2141 quae
587 2063 615 2123 si
637 2060 827 2144 neglexerit,
850 2081 866 2124 a
894 2061 1019 2125 domino
1048 2061 1164 2143 expelli
1189 2067 1294 2143 potest
1309 2061 1347 2149 ⁷).

184 2167 216 2247 §-
228 2163 300 2230 446.
344 2159 553 2224 Constituitur
564 2162 614 2224 ius
627 2162 894 2242 emphyteuticum
909 2167 1096 2224 testamento
1112 2169 1165 2226 aut
1185 2167 1349 2226 contractu

141 2262 446 2344 emphyteuticario:
472 2278 583 2341 quem,
608 2263 636 2324 si
659 2261 793 2326 ecclesia
818 2262 969 2343 praedium
992 2264 1023 2324 in
1046 2269 1233 2344 perpetuum
1258 2263 1348 2326 looa-

142 2366 202 2441 vit,
224 2364 352 2444 scriptis
374 2362 601 2426 coniciendum
623 2381 707 2440 esse,
730 2371 850 2430 certum
874 2364 969 2451 estt).

182 2463 299 2546 §.dot
342 2463 548 2530 Surrarrcmu
564 2463 590 2552 ⁹)
611 2465 806 2546 appellamus
826 2465 929 2543 aedes,
952 2484 1021 2546 queo
1043 2467 1074 2528 in
1100 2466 1255 2530 conducto
1277 2467 1348 2529 solo

143 2566 258 2646 positae
285 2569 358 2625 sunt
391 2569 422 2640 ct
444 2581 576 2644 quarum
605 2566 783 2646 proprietas
807 2572 867 2630 tam
901 2567 987 2629 civili
1010 2584 1101 2648 quam
1123 2567 1257 2630 naturali
1278 2571 1348 2630 iure

142 2666 215 2728 eius
238 2669 304 2741 est,
329 2665 419 2725 cuius
453 2670 502 2725 est
524 2663 695 2753 solum10).
739 2667 857 2730 Praetcr
877 2673 980 2730 autem
1008 2667 1256 2749 superficiarium
1284 2687 1348 2732 non

139 2765 246 2830 solum
267 2765 397 2846 proprio
420 2765 589 2828 interdicto
610 2767 774 2846 tuebatur,
805 2787 915 2832 verum
938 2770 1030 2832 etiam
1052 2787 1145 2832 causa
1170 2773 1296 2855 cognita
1316 2771 1348 2832 in

138 2885 210 2930 rem
232 2867 385 2929 actionem
410 2867 440 2927 ei
465 2865 575 2943 dabat,
607 2869 628 2929 i.
654 2887 682 2930 ε.
705 2869 734 2931 si
755 2885 819 2932 non
852 2871 885 2932 in
916 2871 1070 2934 modicum
1093 2878 1216 2952 tempus
1247 2871 1348 2936 solum

140 2965 341 3030 conduxerat
351 2967 403 3058 ¹¹).
448 2967 524 3034 Inde
549 2971 734 3056 superficies
757 2975 921 3056 proprium
942 2974 993 3038 ius
1013 2975 1045 3036 tn
1066 2992 1101 3036 re
1123 2974 1259 3051 dicitur,
1280 2991 1348 3034 em-

555 3325 582 3376 h.
603 3330 622 3376 t
641 3327 672 3377 fr.
690 3323 734 3378 71.
753 3324 776 3386 3.
801 3324 825 3380 5.
846 3325 871 3380 6.
894 3324 926 3378 D.
945 3324 981 3378 30
997 3324 1046 3392 (de
1064 3323 1138 3394 leg).

252 3429 259 3442 .
296 3430 301 3442 .
359 3432 365 3443 .
565 3393 590 3448 3.
614 3397 642 3448 D.
662 3399 705 3450 cit.
724 3397 831 3450 Vocant
849 3413 908 3448 aem
927 3398 1010 3449 hodio
1026 3399 1199 3450 laudemium.

264 3501 271 3514 .
310 3501 316 3514 .
392 3501 399 3514 .
444 3501 451 3515 .
488 3495 497 3525 ,
552 3463 1139 3536 (utburmodusurtefimtfr.16.§.2.
1161 3459 1348 3531 t).13,7(de

141 3535 218 3604 pige.
282 3571 310 3584 ..
330 3537 361 3588 fr.
379 3532 422 3586 31.
443 3532 474 3588 D.

179 3604 208 3671 6)
229 3607 296 3658 Nor.
315 3603 341 3658 7.
361 3623 383 3657 c.
404 3603 429 3656 5.
448 3605 471 3665 ὅ.
490 3606 515 3659 2.

178 3673 208 3740 7)
229 3678 297 3730 Nor.
317 3675 342 3730 7.
363 3693 386 3728 c.
404 3675 429 3728 3.
449 3678 472 3737 ἓ.
491 3677 516 3730 2.
543 3679 610 3732 Nor.
631 3680 690 3734 120.
708 3699 731 3734 e.
751 3681 862 3736 8.-e.
882 3681 907 3736 1.
926 3683 955 3735 0.
977 3683 1003 3734 h.
1022 3686 1039 3732 t.
1056 3683 1088 3732 fr.
1107 3677 1132 3732 7.
1152 3677 1183 3732 D.
1204 3677 1247 3744 39,
1264 3676 1283 3730 4
1303 3675 1350 3744 (de

138 3747 244 3818 public.
271 3753 298 3800 et
321 3747 519 3817 vectigalibus).
544 3753 606 3818 Δις.
627 3754 659 3803 ir.
679 3752 722 3806 36.
753 3752 783 3806 D.
806 3751 851 3820 49,
870 3754 905 3808 14
923 3755 971 3826 (de
988 3755 1046 3806 iura
1064 3751 1142 3817 fieti).
1187 3753 1248 3804 Non
1273 3753 1350 3804 aliter

141 3817 248 3886 expelli
268 3824 356 3886 potest
374 3821 549 3888 emphyteuta
576 3826 610 3874 cb
631 3839 761 3877 canonem
782 3841 837 3879 nom
857 3829 987 3888 solutum,
1005 3839 1084 3892 quam
1104 3825 1191 3890 siper
1209 3825 1349 3876 triennium

141 3895 173 3945 in
193 3891 315 3942 seculari
333 3897 437 3958 autper
457 3893 592 3946 biennium
610 3897 639 3946 in
650 3898 833 3952 ecclesiastica
852 3897 1022 3970 emphyteusi
1042 3896 1110 3946 illud
1121 3912 1176 3950 non
1192 3897 1348 3964 praetiterit.

139 3981 166 4016 e.
187 3959 213 4012 2.
233 3961 262 4014 O.
281 3963 323 4013 eit.
342 3963 410 4015 lior.
428 3959 454 4013 7.
473 3979 497 4016 e.
515 3963 541 4016 3.
562 3965 585 4026 h.
606 3965 631 4019 2.

179 4028 209 4098 8)
229 4033 385 4086 'Proditione
402 4035 510 4088 demum
533 4036 575 4088 ius
601 4039 780 4105 emphyteutae
795 4039 913 4106 incipere
931 4053 1065 4106 nusquam
1090 4039 1247 4108 praecipitur.
1282 4037 1349 4090 Item

140 4117 197 4154 neo
217 4105 274 4156 ulla
293 4105 354 4172 lege
375 4107 491 4158 sancitur
508 4109 704 4175 prescriptione
723 4111 793 4163 illud
811 4127 890 4178 posse
910 4109 1042 4164 constitui.
1081 4111 1185 4178 Moeno
1203 4109 1227 4170 §-
1245 4107 1307 4162 336.

180 4169 210 4238 9)
233 4172 264 4226 D.
283 4174 328 4240 43,
347 4174 381 4228 18
401 4177 449 4244 (de
467 4178 679 4247 superficiebus).

160 4241 210 4308 10)
233 4246 375 4299 (totins.
394 4247 419 4300 2.
441 4247 471 4302 D.
490 4251 517 4300 h.
535 4255 553 4304 t.
590 4251 656 4306 Item
686 4253 853 4306 coenaculum
873 4250 967 4302 alienis
988 4251 1090 4304 aedibus
1108 4252 1255 4304 iniunctum
1273 4253 1304 4303 fr.
1323 4246 1348 4302 3.

142 4315 170 4376 §-
192 4311 218 4367 7.
237 4314 324 4382 nme,
345 4316 378 4371 17
398 4320 447 4386 (nti
464 4323 627 4390 possidetis).
663 4325 767 4376 Latiori
785 4337 864 4376 sensu
883 4323 968 4374 solum
982 4328 1008 4374 et
1025 4325 1155 4394 quidquid
1174 4325 1198 4375 ai
1215 4328 1287 4375 tenet
1305 4338 1349 4374 re·

141 4390 265 4440 luteum
289 4391 429 4445 arboribus
455 4397 482 4444 et
507 4395 592 4447 vineis
620 4397 772 4462 superficies
793 4399 913 4448 vocatur.
939 4397 971 4446 tr.
990 4393 1033 4448 32.
1054 4393 1086 4447 D.
1103 4393 1147 4459 33,
1165 4393 1182 4447 3
1205 4391 1252 4460 (ᾶε
1273 4390 1349 4458 dot).

142 4456 414 4594 ἰῖ]ῗθΡΒ.ἓ31](ἓε
428 4463 587 4589 pazhilt).
622 4467 736 4536 Semper
749 4465 902 4536 superficies
922 4467 980 4520 solo
996 4467 1067 4519 cedit
1086 4466 1146 4520 Gai.
1158 4464 1183 4518 2.
1203 4461 1349 4524 §.te-to.

527 3571 536 3603 ,
556 3538 571 3589 1
593 3537 641 3604 (de
658 3542 730 3608 pigra.
749 3545 775 3594 et
793 3538 878 3609 hyp).
