3064 4966
213 329 266 386 286
536 337 737 378 rxsrrrnrrom
757 338 830 378 rvris
848 337 953 378 nourr
970 335 1091 378 saivari.

214 472 312 553 partis
343 471 501 534 restitutio
528 473 557 534 ei
586 471 741 533 debeatur
752 470 790 556 ι).
834 469 974 550 ideoque
1000 473 1028 532 si
1051 471 1116 534 duo
1138 473 1185 534 rei
1207 472 1412 554 promittendi

214 555 368 636 sooiinon
382 573 454 649 sint,
479 589 543 636 non
557 571 701 654 proderit
713 571 817 648 alteri,
842 571 925 652 quod
939 572 1106 653 stipulator
1119 573 1210 636 alteri
1233 591 1290 636 roo
1313 589 1415 653 peon·
1500 607 1501 620 .

212 676 292 738 niem
313 675 458 764 debetl).
503 672 684 737 Conventus
703 678 804 736 umen
827 672 1017 736 acreditore
1041 691 1128 750 reus,
1152 672 1413 754 antequamsol-
1501 635 1502 722 1

215 782 283 852 vat,
316 777 447 858 exigere
470 779 572 855 potest
595 779 629 835 ut
648 776 789 836 actiones
816 773 972 836 adversus
995 780 1128 836 caeteros
1152 775 1182 836 ei
1205 775 1412 860 oedanturll.
1501 831 1502 872 ἱ

255 875 400 956 Denique
424 873 763 960 confideiussoribust)
794 873 930 954 aliisquo
952 879 1057 936 mutua
1087 875 1157 936 vioe
1181 876 1263 936 inter
1285 891 1321 936 se
1354 875 1415 936 ob-
1501 881 1502 930 l

213 978 320 1060 ligatis
349 975 414 1038 reis
444 974 579 1038 debendi
591 973 637 1062 ⁶),
667 975 834 1038 divisionis
860 975 1044 1038 beneficium
1069 975 1173 1038 datum
1197 981 1245 1038 est
1267 977 1288 1038 i.
1314 995 1343 1037 e.
1366 977 1415 1037 ins

214 1077 402 1144 creditorem
426 1081 572 1159 agentem
594 1075 816 1156 compellendi,
841 1081 876 1138 ut
895 1095 912 1138 a
934 1077 1082 1159 singulis,
1104 1077 1245 1140 simodo
1268 1076 1417 1140 solvendi
1502 1153 1503 1172 χ

213 1179 277 1240 sint
298 1195 357 1240 neo
378 1177 537 1252 absentes,
561 1181 666 1258 partes
687 1183 792 1258 petat3
815 1195 894 1257 quas
915 1179 1025 1240 sinon
1046 1182 1235 1242 consecutus
1258 1178 1309 1254 sit,
1333 1177 1417 1240 soli-

215 1278 288 1342 dum
311 1277 350 1341 ab
374 1296 412 1340 eo
435 1295 527 1358 quern
549 1282 699 1340 convenit
721 1280 852 1362 exigere
877 1284 991 1358 potest.

256 1382 287 1462 ξ.
299 1379 371 1446 818.
414 1378 483 1442 Non
515 1380 617 1462 solum
649 1380 755 1442 verbis
786 1379 996 1460 stipulationis
1026 1397 1137 1442 verum
1168 1382 1260 1444 etlam
1288 1380 1416 1466 optaris

213 1479 426 1543 contractibus
449 1478 549 1542 veluti
571 1485 739 1560 emptione,
763 1481 964 1556 venditione,
987 1481 1162 1557 locatione,
1188 1480 1416 1555 conductione,

215 1579 359 1660 deposito
384 1579 576 1642 commodato
599 1581 706 1660 plures
729 1582 776 1642 rei
798 1579 934 1644 debendi
957 1579 1026 1642 lieri
1046 1583 1179 1662 possint,
1202 1579 1328 1660 quando
1344 1581 1418 1640 sin-

106 1669 110 1676 ’
214 1680 360 1762 grilorum
382 1679 472 1742 sidem
494 1680 674 1743 insolidum
694 1687 822 1744 secutus
845 1683 886 1742 sit
909 1681 1059 1758 creditor,
1080 1684 1154 1742 item
1176 1687 1208 1744 et
1229 1684 1418 1742 testamento

215 1786 345 1862 utputa
373 1782 401 1842 si
421 1780 564 1862 pluribus
589 1782 759 1845 heredibus
782 1784 933 1846 institutis
957 1789 1087 1846 testator
1110 1782 1242 1845 dixerit:
1271 1780 1367 1844 Titios
1391 1783 1419 1840 et

217 1881 349 1946 licerius
371 1881 549 1958 Sempronio
574 1879 675 1942 desem
696 1881 808 1968 dotali)
819 1902 829 1958 ;
866 1890 919 1945 aut
941 1883 1054 1946 iudicis
1081 1881 1288 1969 sententiat).
1341 1879 1416 1944 Ali-

216 1982 339 2064 quando
353 1983 422 2064 ipso
437 1984 506 2044 iure
521 1981 655 2045 alieuius
678 1985 880 2066 obligationis
897 1985 1065 2066 participes
1089 1985 1192 2046 correi
1206 1989 1289 2058 sunt,
1318 1982 1414 2046 veluti

216 2084 243 2145 si
265 2081 373 2162 plures
395 2082 504 2162 praedii
526 2085 711 2146 servitutem
734 2087 945 2166 promiserunt
956 2085 994 2172 8).

260 2203 289 2282 §-
302 2199 373 2264 819.
417 2200 500 2278 Alia,
525 2202 772 2282 quamplurium
795 2220 922 2266 reorum
943 2201 1113 2284 stipulandi
1127 2201 1178 2263 vel
1202 2198 1416 2282 promittendi,

218 2306 402 2363 ceterarum
424 2301 561 2382 plurium
583 2305 615 2364 in
638 2303 772 2366 solidum
794 2304 1020 2386 obligationum
1043 2302 1092 2365 est
1112 2304 1160 2364 vis
1181 2307 1278 2381 atque
1297 2305 1417 2362 natura.

218 2401 306 2463 licet
328 2401 409 2463 enim
431 2403 649 2483 unusquisque
671 2403 862 2468 creditorum
885 2403 1021 2466 solidum
1045 2408 1165 2483 petere,
1189 2407 1220 2463 et
1239 2420 1257 2462 a
1276 2399 1418 2480 quolibet

220 2501 397 2565 debitorum
409 2509 518 2580 totum,
542 2504 625 2584 qnod
643 2505 787 2582 debetur,
812 2506 897 2587 exigi
919 2507 1035 2586 possit;
1060 2503 1262 2566 nihilominus
1280 2518 1345 2562 non
1357 2516 1418 2560 una
1507 2470 1508 2558 1

220 2603 333 2666 adesse
356 2603 482 2666 videtur
505 2605 677 2688 obligatio,
700 2607 755 2668 sed
780 2613 825 2669 tot
846 2606 949 2671 debita
977 2613 1053 2686 quot
1078 2611 1153 2668 sunt
1173 2619 1328 2686 personae,
1350 2616 1418 2680 quae

220 2723 298 2768 vero
321 2723 381 2766 una
404 2706 562 2769 solutione
587 2707 751 2770 tolluntur.
785 2708 923 2787 ideoque
946 2709 972 2770 is
997 2709 1050 2786 qui
1072 2712 1170 2768 totum
1191 2705 1304 2780 solvit,
1331 2707 1418 2764 cete-

221 2822 328 2868 rorum
350 2809 478 2888 negotia
504 2826 633 2890 gerens,
658 2809 695 2872 ab
718 2810 757 2870 iis
780 2815 886 2891 partes
909 2810 1053 2890 recipere
1075 2811 1179 2888 potest
1192 2805 1227 2886 ⁹).

263 2903 425 2966 Eiusmodi
446 2907 629 2970 insolidum
653 2909 805 2992 obligatio
828 2911 972 2972 consistit
994 2911 1076 2971 inter
1091 2907 1199 2989 plures
1222 2903 1419 2967 mandatores

200 3079 202 3088 Ι
222 3001 268 3090 (ξ.
282 3003 369 3089 825.)
393 3013 446 3067 aut
458 3009 565 3088 plures
581 3012 774 3072 exercitores
787 3011 875 3073 navis
900 3011 945 3097 (§.
961 3009 1081 3096 1188),
1109 3009 1181 3070 item
1206 3007 1288 3066 inter
1310 3004 1419 3086 plures

223 3107 309 3166 servi
334 3109 504 3170 communis
523 3107 664 3172 dominos
675 3129 684 3184 ;
709 3112 762 3190 qui
785 3111 824 3173 ob
839 3109 987 3172 delictum
1003 3111 1070 3172 eius
1090 3106 1196 3171 noxali
1211 3105 1329 3168 iudicio
1342 3123 1421 3166 oon-

223 3205 327 3266 veniri
351 3213 483 3284 possunt
501 3207 680 3298 (§.1206.).

266 3308 296 3389 §.
309 3305 381 3371 820.
426 3307 460 3368 ln
482 3307 616 3371 solidum
640 3310 777 3390 denique
801 3315 832 3372 et
854 3309 918 3371 illae
935 3309 1146 3391 obligationes
1160 3313 1243 3384 sunt,
1267 3323 1346 3388 quas
1361 3305 1421 3366 ho-

224 3477 422 3488 -u—-w

261 3585 287 3652 1)
309 3588 351 3638 Fr.
374 3585 399 3639 1.
418 3585 442 3647 §-
462 3587 504 3640 13.
522 3590 555 3639 D.
575 3585 619 3652 27,
639 3587 656 3640 3
674 3585 721 3655 (de
738 3589 838 3640 tutelae
857 3591 884 3638 ot
903 3593 952 3638 rat.
973 3584 1066 3655 disin).
1087 3589 1117 3638 ir.
1138 3583 1181 3638 44.
1203 3584 1226 3646 ἓ.
1245 3583 1270 3640 5.
1292 3586 1326 3638 D.
1346 3582 1390 3647 10,
1407 3579 1423 3634 7

225 3657 319 3794 (laggail.
338 3659 470 3780 belnaium).
490 3677 512 3712 o.
530 3660 554 3712 2.
576 3660 605 3711 O.
625 3660 651 3710 h.
670 3665 688 3710 t.
709 3658 801 3713 1139.
823 3663 856 3710 D.
876 3656 920 3722 46,
940 3658 953 3712 1
976 3656 1132 3724 (deidei).

307 3731 349 3780 Fr.
406 3733 463 3783 .D.
485 3734 511 3782 h.
530 3738 549 3783 t.

257 3799 287 3865 3)
306 3801 350 3852 Fr.
367 3798 410 3854 47.
427 3805 461 3854 D.
482 3803 526 3868 19,
547 3804 563 3855 2
582 3797 694 3869 (leuati).
712 3801 744 3854 ir.
763 3797 806 3852 76.
826 3805 858 3854 D.
877 3800 922 3864 46,
941 3797 958 3852 3
979 3797 1027 3866 (de
1046 3793 1145 3864 solut).

226 3940 235 4009 (
259 3867 291 3990 4}
308 3873 494 4005 Ex)rosoripto
513 3874 646 3928 Hadriani
665 3871 687 3934 ἐ.
706 3870 731 3923 4
751 3873 773 3924 I.
792 3872 818 3938 3,
833 3872 868 3928 20
886 3871 933 3938 (da
950 3869 1043 3938 fidet).
1061 3874 1093 3924 11
1111 3869 1154 3922 26.
1172 3866 1215 3926 51.
1235 3868 1258 3929 §-
1269 3867 1292 3922 1.
1311 3866 1423 3934 1).46,1

239 3959 271 3995 so
294 3980 300 3992 .
322 3943 373 3992 tit.

262 4009 289 4078 5)
309 4015 354 4064 Ex
367 4015 481 4067 Novella
496 4015 547 4080 99,
568 4019 601 4068 ds
620 4030 673 4084 qus
689 4019 761 4066 reete
781 4014 956 4082 intelligenda
975 4013 1087 4064 multum
1105 3995 1174 4064 ieter
1194 4012 1287 4064 dootos
1307 4010 1426 4077 disputa·
1507 4033 1508 4050 .

225 4089 278 4147 tur,
296 4087 344 4136 ofr.
363 4105 386 4139 o.
409 4087 556 4156 Vorrperore
575 4088 598 4148 6.
617 4084 677 4138 573.
696 4087 767 4138 Nota
783 4083 809 4138 4.
1507 4051 1508 4132 1

262 4152 291 4220 6)
309 4157 353 4207 Fr.
375 4160 399 4212 9.
420 4177 459 4226 pr.
481 4159 504 4218 ἓ.
525 4159 549 4212 1.
567 4162 601 4211 D.
621 4159 647 4208 h.
667 4163 685 4210 t.
704 4160 735 4209 11
754 4155 779 4208 1.
799 4153 855 4217 64.
874 4157 907 4206 D.
928 4153 971 4217 16,
991 4151 1008 4204 3
1026 4149 1171 4222 (depositi).
1188 4151 1252 4206 115.
1265 4151 1289 4204 6.
1310 4155 1344 4206 D.
1358 4150 1427 4216 13,6

228 4225 422 4295 (eommodati).
441 4233 472 4281 11
491 4228 516 4281 8.
536 4231 558 4290 ἓ.
579 4232 604 4283 1.
625 4231 657 4280 D.
676 4227 712 4280 30
733 4226 781 4294 (de
800 4230 854 4294 leg.
873 4222 915 4291 Ι.).
933 4228 965 4278 fr.
985 4223 1028 4278 25.
1047 4225 1081 4274 D.
1102 4223 1137 4277 32
1158 4224 1205 4292 (de
1226 4226 1277 4292 lag.
1297 4220 1368 4288 111.).

262 4295 290 4364 7)
311 4299 339 4351 0.
363 4300 386 4352 1.
400 4298 430 4352 ’2.
451 4303 479 4354 0.
497 4300 522 4366 8,
541 4300 575 4355 55
594 4301 628 4368 (si
645 4301 734 4368 pluras
753 4315 807 4350 una
828 4294 980 4362 sententia).
999 4293 1082 4348 1143.
1101 4300 1133 4350 D.
1144 4294 1188 4360 42,
1207 4295 1222 4348 1
1243 4294 1290 4361 (de
1308 4311 1336 4346 re
1348 4292 1427 4360 iud).

262 4369 291 4433 8)
311 4373 353 4422 Fr.
374 4369 455 4432 25.§.
477 4371 519 4424 10.
548 4371 578 4423 D.
597 4371 640 4435 10,
661 4371 677 4424 2
698 4368 770 4438 (lam.
790 4367 883 4436 hero).
906 4367 982 4420 112.
1002 4367 1024 4428 ἓ.
1045 4367 1069 4418 2.
1101 4368 1130 4422 D.
1149 4367 1225 4431 45,1
1247 4365 1295 4431 (de
1315 4366 1347 4416 V.
1370 4363 1427 4430 0.).
1507 4435 1508 4438 Ἴ

226 4442 258 4494 tr.
275 4439 302 4494 4.
322 4441 346 4502 ἓ.
365 4441 392 4495 4.
412 4438 441 4496 D.
460 4441 486 4507 8,
504 4443 521 4497 5
540 4439 674 4508 (sisere).
691 4460 715 4494 o.
742 4444 887 4510 Vooparoe
907 4439 930 4500 ἓ.
948 4435 1008 4492 567.
1027 4443 1046 4490 t.
1065 4441 1112 4492 111.
1130 4458 1155 4506 p.
1176 4438 1218 4491 16.

262 4509 290 4578 9)
309 4515 353 4568 Fr.
373 4511 415 4570 25.
433 4516 457 4578 §.
470 4514 575 4574 90-11.
594 4518 627 4568 D.
639 4511 682 4580 10,
701 4514 717 4568 2
739 4512 926 4581 (sambore).
944 4514 976 4568 fr.
995 4509 1019 4564 2.
1037 4508 1061 4570 §-
1071 4512 1097 4566 2.
1115 4509 1228 4576 Ι).45,1
1247 4503 1426 4576 (deuoti).
1507 4557 1508 4562 ,
