3064 4966
202 333 256 388 210
526 341 727 380 rssrrrurrom
746 343 820 381 mr·
839 343 942 382 nostru
962 345 1082 384 aarum.

246 469 360 551 §.iau
404 470 486 532 Ante
514 471 747 532 restitutionem
779 471 964 534 hereditatis
992 473 1173 536 fiduciarius
1197 475 1322 555 quidem
1343 475 1409 538 bc-

202 585 314 632 norum
338 569 482 632 dominus
505 576 570 646 est,
600 587 706 650 neque
727 589 805 633 vero
826 571 989 650 quidquem
1010 572 1148 634 dienen
1168 580 1289 652 potest,
1320 573 1407 656 quod

202 669 240 732 ad
262 669 488 732 restituendam
512 670 717 732 hereditatem
737 673 885 752 pertinet,
909 673 971 736 nisi
991 673 1029 735 ad
1053 691 1096 734 es
1118 674 1254 736 alienum
1272 674 1408 737 solven-

203 772 285 833 dum.
329 770 417 844 Quod
443 773 470 832 si
492 770 698 833 nihilominus
721 771 853 849 fecerit,
884 791 950 836 rem
976 775 1182 838 abalienatam
1206 775 1293 840 nulla
1321 769 1408 856 press

120 889 122 901 ·
203 875 375 955 scriptione
395 874 550 950 obstante,
574 875 882 941 fideicommissarius
903 885 975 960 post
998 881 1228 942 restitutionem
1241 876 1409 938 vindicare

203 980 319 1056 potest.
363 974 395 1038 si
428 973 522 1036 heres
550 980 681 1056 rogatus
712 981 780 1038 erat
808 979 998 1054 restituere,
1032 975 1116 1058 quod
1145 982 1246 1038 morte
1278 989 1334 1036 sua
1367 991 1409 1034 ex

202 1077 378 1139 hereditate
401 1075 637 1155 superfuturum
660 1077 737 1152 erit,
770 1084 913 1156 quartam
943 1084 1065 1158 partem
1086 1095 1218 1140 servare
1248 1081 1280 1137 et
1306 1073 1346 1136 do
1369 1091 1407 1135 ea

202 1175 357 1240 servanda
381 1192 494 1237 cavere
518 1176 644 1257 cogitur
659 1176 697 1261 1).
741 1176 886 1258 Denique
912 1178 1007 1240 heres
1031 1183 1175 1254 tenetur,
1205 1179 1232 1240 si
1255 1177 1287 1237 in
1309 1175 1408 1237 rebus

202 1279 403 1342 hereditariis
433 1277 651 1340 custodiendis
679 1295 747 1340 eam
773 1279 969 1362 diligentiam
999 1297 1062 1342 non
1090 1279 1284 1353 adhibuerit,
1314 1293 1408 1357 quam

202 1383 268 1443 suis
292 1379 388 1441 rebus
411 1378 563 1442 adhihere
586 1378 718 1463 solet').

246 1483 277 1562 ξ.
292 1479 362 1544 766.
406 1478 628 1560 Exstinguitur
648 1477 924 1540 fideicommissum
940 1497 983 1540 ox·
993 1470 1104 1540 iisdem
1119 1477 1235 1553 causis,
1258 1475 1409 1557 equibus

205 1582 310 1663 legata
332 1578 536 1655 intercidunt,
558 1579 631 1640 item
645 1578 924 1641 fideicommissarii
940 1578 1189 1641 renunciatione.
1231 1575 1411 1638 Fideicom-

201 1682 329 1742 missum
344 1678 478 1741 alicuius
491 1678 615 1741 iamiliae
626 1684 780 1758 perpetuo
792 1679 948 1754 relictum,
970 1695 1034 1738 non
1048 1677 1161 1753 solum,
1184 1677 1211 1738 si
1228 1683 1410 1758 postremus

202 1801 242 1846 ex
261 1782 376 1845 familia
393 1780 569 1843 decesserit
581 1780 638 1842 sed
651 1781 722 1856 iam,
745 1780 772 1840 si
795 1785 930 1860 quatuor
942 1780 1165 1861 generationes
1177 1769 1357 1842 interierint
1368 1781 1410 1865 θ),

548 1969 616 2020 ure.
637 1969 696 2020 vn.
732 1969 782 2020 ou
801 1963 1048 2034 comounnsq.

95 2127 99 2131 ·
207 2185 208 2188 Ἴ
246 2107 362 2189 §.tet
405 2101 475 2166 Non
497 2121 569 2166 raro
591 2105 623 2164 in
646 2101 897 2190 precedentibus
917 2101 1071 2182 capitibus
1087 2101 1303 2164 codicillorum
1318 2119 1412 2164 men-

206 2211 323 2271 tionem
352 2205 534 2279 habuimus3
565 2205 597 2266 in
627 2221 664 2266 eo
691 2209 756 2280 est,
789 2209 824 2264 ut
855 2201 894 2264 de
924 2203 965 2264 iis
994 2205 1171 2265 accuratius
1195 2201 1410 2283 dispiciamus.

208 2307 368 2372 Vocantur
390 2303 527 2368 codicilli
549 2305 662 2366 mentis
685 2303 811 2364 testatio
835 2305 937 2365 minus
953 2301 1103 2364 solemnis
1117 2303 1216 2379 deco,
1241 2301 1325 2382 quod
1338 2303 1411 2381 quis

204 2415 429 2492 postmortem
457 2423 545 2468 suam
575 2403 645 2466 fieri
674 2403 769 2480 velit,
802 2421 862 2483 qua
888 2405 990 2482 heres
1013 2421 1075 2466 non
1104 2402 1327 2489 instituitur5).
1372 2401 1412 2464 Et

206 2513 331 2592 quidem
354 2512 404 2572 ius
427 2507 644 2571 codicillorum
667 2511 739 2568 ante
759 2510 898 2585 tempora
922 2503 1059 2586 Augusti
1088 2522 1150 2567 non
1179 2505 1239 2564 luit
1267 2504 1299 2565 in
1329 2515 1409 2570 usui

202 2611 259 2674 sed
289 2610 456 2673 occasione
480 2607 569 2668 Lucii
592 2603 736 2682 Lentuli,
768 2607 821 2684 qui
851 2605 882 2666 in
913 2603 1021 2666 Airica
1054 2605 1211 2667 decedens
1243 2603 1409 2667 codicillos

203 2713 395 2792 scripserat,
431 2716 462 2772 et
491 2729 531 2771 ex
558 2711 648 2773 cuius
675 2726 812 2790 persona
841 2709 933 2770 etiam
964 2705 1208 2770 fideicommissa
1233 2711 1410 2786 cmperunt,

202 2811 396 2891 temporibus
426 2811 565 2892 Augusti
598 2809 819 2916 prudentium
828 2813 859 2870 et
889 2807 1021 2870 maxime
1052 2805 1188 2868 'lrebatii
1221 2807 1411 2868 auctoritate

202 2909 414 2972 introductum
438 2911 537 2995 esti).
582 2909 629 2970 Ex
655 2927 693 2970 eo
715 2911 764 2971 ius
788 2891 1005 2971 codicillorum
1028 2908 1123 2988 cepit
1145 2907 1314 2988 singulare
1323 2923 1410 2984 csse,

203 3013 238 3069 ut
257 3023 453 3087 quecunque
472 3010 558 3069 iniis
573 3009 800 3085 scriberentur,
822 3008 953 3089 perinde
972 3008 1175 3083 haberentur,
1198 3025 1234 3068 ac
1251 3007 1321 3068 siin
1338 3013 1411 3069 tes-

201 3111 338 3198 tamento
359 3109 475 3189 scripta
497 3107 656 3196 essenti).

245 3206 361 3291 §.teu
406 3207 499 3270 lnitio
532 3211 601 3272 sine
635 3208 699 3271 ulla
730 3207 929 3271 solemnitate
960 3207 1098 3270 codicilli
1135 3205 1266 3268 iebant:
1307 3205 1410 3268 omnis

206 3311 287 3373 enim
313 3306 464 3389 epistola,
496 3327 553 3390 per
582 3327 673 3389 quam
707 3309 778 3389 quis
800 3308 950 3370 heredem
973 3323 1063 3369 suum
1084 3311 1215 3390 rogaret
1235 3323 1294 3387 pro
1318 3305 1411 3368 codi-

204 3411 277 3474 cillo
294 3406 467 3472 habebatur
478 3408 517 3498 8).
562 3409 672 3471 Postea
690 3407 888 3472 Constantini
905 3414 936 3470 et
952 3406 1127 3471 Constantis
1142 3407 1369 3469 constitutione
1379 3406 1408 3494 ⁹)

202 3512 355 3574 sancitum
380 3513 445 3570 est:
471 3507 575 3583 iniis,
599 3509 681 3569 sicut
703 3511 735 3569 in
746 3507 961 3570 voluntatibus
986 3507 1177 3582 testamenti,
1195 3511 1321 3586 septem
1338 3512 1409 3568 tes-

203 3613 278 3672 tium
308 3609 361 3670 vel
397 3607 536 3688 quinque
566 3609 777 3670 interventum
808 3625 871 3670 non
904 3607 1018 3670 deesse
1048 3611 1208 3686 oportere.
1257 3605 1409 3669 Theodo-

203 3713 269 3774 sius
292 3714 394 3772 autem
417 3713 447 3770 et
470 3706 673 3786 iustinianus,
695 3709 748 3788 qui
770 3714 802 3771 et
824 3709 893 3785 sine
909 3708 1036 3787 scriptis
1064 3705 1228 3770 codicillos
1259 3706 1409 3770 ordinare

239 3946 1021 4018 1)F154585781>halt0v10801-3

258 4017 818 4087 )sr...........22§4niti§8mut

256 4092 327 4162 lFr,
348 4087 526 4149 78.§.3..D
546 4095 573 4143 h.
592 4100 610 4144 t.
628 4092 774 4161 (delego
794 4093 849 4160 IL).
873 4093 941 4146 Non.
962 4091 1021 4145 159.
1041 4089 1156 4142 aas.

236 4157 266 4228 4)
284 4163 327 4212 Fr,
345 4161 371 4224 2,
390 4159 433 4214 25
456 4164 484 4214 0.
503 4163 528 4226 6,
548 4162 582 4215 36
601 4163 648 4232 (de
667 4163 818 4230 codicillis).
836 4165 869 4217 D.
881 4165 924 4228 29,
937 4161 1053 4228 'ilde
1046 4179 1103 4214 rure
1121 4158 1291 4226 codiciller.)
1312 4161 1407 4213 eata.

202 4239 226 4300 §.
245 4230 305 4288 270.
325 4197 385 4285 275.
405 4234 472 4285 cod.
494 4236 599 4287 Theod.
619 4237 665 4287 IV.
683 4233 709 4288 4.

239 4303 265 4371 5)
284 4306 327 4356 Fr.
346 4303 389 4356 10.
408 4303 450 4356 24).
471 4308 503 4356 D.
516 4307 575 4357 lut

236 4375 593 4514 446ῑὲ1446...
627 4448 637 4466 ··
692 4443 722 4510 e)
742 4444 766 4506 a.
784 4443 809 4498 s.
827 4447 847 4496 1.
866 4445 892 4509 a,
910 4441 946 4498 as
964 4443 1002 4510 (a.
1020 4442 1061 4509 ι),

238 4511 573 4580 emcomcc
