<?xml version="1.0" encoding="UTF-8"?>
<!DOCTYPE html PUBLIC "-//W3C//DTD XHTML 1.0 Transitional//EN"
    "http://www.w3.org/TR/xhtml1/DTD/xhtml1-transitional.dtd">
<html xmlns="http://www.w3.org/1999/xhtml" xml:lang="en" lang="en">
 <head>
  <title>
</title>
<meta http-equiv="Content-Type" content="text/html;charset=utf-8" />
  <meta name='ocr-system' content='tesseract 3.04.00' />
  <meta name='ocr-capabilities' content='ocr_page ocr_carea ocr_par ocr_line ocrx_word'/>
</head>
<body>
  <div class='ocr_page' id='page_1' title='image "./institutionesiu01warngoog_0039.png"; bbox 0 0 3082 4976; ppageno 0'>
   <div class='ocr_carea' id='block_1_1' title="bbox 219 369 1100 424">
    <p class='ocr_par' dir='ltr' id='par_1_1' title="bbox 219 369 1100 424">
     <span class='ocr_line' id='line_1_1' title="bbox 219 369 1100 424; baseline -0.005 -7"><span class='ocrx_word' id='word_1_1' title='bbox 219 369 256 424; x_wconf 69' lang='lat'>20</span> <span class='ocrx_word' id='word_1_2' title='bbox 543 378 743 418; x_wconf 80' lang='lat' dir='ltr'>rnrrrrurrom</span> <span class='ocrx_word' id='word_1_3' title='bbox 764 377 838 416; x_wconf 78' lang='lat' dir='ltr'>runis</span> <span class='ocrx_word' id='word_1_4' title='bbox 857 376 961 415; x_wconf 74' lang='lat' dir='ltr'>nonum</span> <span class='ocrx_word' id='word_1_5' title='bbox 979 377 1100 414; x_wconf 79' lang='lat' dir='ltr'>rrrrnrr.</span> 
     </span>
    </p>
   </div>
   <div class='ocr_carea' id='block_1_2' title="bbox 158 503 1419 1803">
    <p class='ocr_par' dir='ltr' id='par_1_2' title="bbox 218 503 1419 794">
     <span class='ocr_line' id='line_1_2' title="bbox 218 503 1419 587; baseline -0.002 -16"><span class='ocrx_word' id='word_1_6' title='bbox 218 510 260 571; x_wconf 88' lang='lat' dir='ltr'>sit</span> <span class='ocrx_word' id='word_1_7' title='bbox 283 513 439 581; x_wconf 79' lang='lat' dir='ltr'>vocatum,</span> <span class='ocrx_word' id='word_1_8' title='bbox 461 503 544 585; x_wconf 86' lang='lat' dir='ltr'>quod</span> <span class='ocrx_word' id='word_1_9' title='bbox 564 504 654 567; x_wconf 91' lang='lat' dir='ltr'>multi</span> <span class='ocrx_word' id='word_1_10' title='bbox 666 504 788 582; x_wconf 79' lang='lat' dir='ltr'>volunt,</span> <span class='ocrx_word' id='word_1_11' title='bbox 813 507 867 586; x_wconf 86' lang='lat' dir='ltr'>qui</span> <span class='ocrx_word' id='word_1_12' title='bbox 888 511 1008 586; x_wconf 84' lang='lat' dir='ltr'>putent,</span> <span class='ocrx_word' id='word_1_13' title='bbox 1035 511 1099 568; x_wconf 80' lang='lat' dir='ltr'>turn</span> <span class='ocrx_word' id='word_1_14' title='bbox 1112 503 1248 567; x_wconf 87' lang='lat' dir='ltr'>edictum</span> <span class='ocrx_word' id='word_1_15' title='bbox 1260 523 1319 587; x_wconf 89' lang='lat' dir='ltr'>pro</span> <span class='ocrx_word' id='word_1_16' title='bbox 1335 509 1419 569; x_wconf 85' lang='lat' dir='ltr'>omni</span> 
     </span>
     <span class='ocr_line' id='line_1_3' title="bbox 219 605 1419 684; baseline -0.003 -12"><span class='ocrx_word' id='word_1_17' title='bbox 219 627 287 672; x_wconf 83' lang='lat' dir='ltr'>aevo</span> <span class='ocrx_word' id='word_1_18' title='bbox 307 608 427 669; x_wconf 89' lang='lat' dir='ltr'>linitum</span> <span class='ocrx_word' id='word_1_19' title='bbox 451 613 482 668; x_wconf 91' lang='lat' dir='ltr'>et</span> <span class='ocrx_word' id='word_1_20' title='bbox 505 607 683 669; x_wconf 79' lang='lat' dir='ltr'>absolutum</span> <span class='ocrx_word' id='word_1_21' title='bbox 707 607 825 684; x_wconf 84' lang='lat' dir='ltr'>luisse,</span> <span class='ocrx_word' id='word_1_22' title='bbox 848 607 1024 670; x_wconf 78' lang='lat' dir='ltr'>interdictis</span> <span class='ocrx_word' id='word_1_23' title='bbox 1044 607 1272 670; x_wconf 76' lang='lat' dir='ltr'>mutationibus</span> <span class='ocrx_word' id='word_1_24' title='bbox 1293 625 1310 668; x_wconf 83' lang='lat' dir='ltr'>a</span> <span class='ocrx_word' id='word_1_25' title='bbox 1332 605 1419 669; x_wconf 80' lang='lat' dir='ltr'>Prae-</span> 
     </span>
     <span class='ocr_line' id='line_1_4' title="bbox 219 706 687 794; baseline -0.009 -24"><span class='ocrx_word' id='word_1_26' title='bbox 219 707 340 771; x_wconf 87' lang='lat' dir='ltr'>toribus</span> <span class='ocrx_word' id='word_1_27' title='bbox 365 709 397 769; x_wconf 94' lang='lat' dir='ltr'>in</span> <span class='ocrx_word' id='word_1_28' title='bbox 422 725 460 770; x_wconf 88' lang='lat' dir='ltr'>co</span> <span class='ocrx_word' id='word_1_29' title='bbox 482 706 634 770; x_wconf 78' lang='lat' dir='ltr'>iaciendis</span> <span class='ocrx_word' id='word_1_30' title='bbox 648 707 687 794; x_wconf 85' lang='lat'>¹).</span> 
     </span>
    </p>

    <p class='ocr_par' dir='ltr' id='par_1_3' title="bbox 215 806 1419 1199">
     <span class='ocr_line' id='line_1_5' title="bbox 261 806 1418 892; baseline -0.006 -18"><span class='ocrx_word' id='word_1_31' title='bbox 261 813 292 892; x_wconf 64' lang='grc' dir='ltr'><strong>ἕ.</strong></span> <span class='ocrx_word' id='word_1_32' title='bbox 305 809 357 874; x_wconf 88' lang='grc'><strong>64.</strong></span> <span class='ocrx_word' id='word_1_33' title='bbox 403 807 657 871; x_wconf 80' lang='lat' dir='ltr'>consuetudines</span> <span class='ocrx_word' id='word_1_34' title='bbox 680 806 733 868; x_wconf 92' lang='lat' dir='ltr'>vel</span> <span class='ocrx_word' id='word_1_35' title='bbox 756 809 824 884; x_wconf 90' lang='lat' dir='ltr'>ius,</span> <span class='ocrx_word' id='word_1_36' title='bbox 849 807 933 888; x_wconf 87' lang='lat' dir='ltr'>quod</span> <span class='ocrx_word' id='word_1_37' title='bbox 958 807 1074 870; x_wconf 89' lang='lat' dir='ltr'>dicitur</span> <span class='ocrx_word' id='word_1_38' title='bbox 1095 809 1234 872; x_wconf 88' lang='lat' dir='ltr'>moribus</span> <span class='ocrx_word' id='word_1_39' title='bbox 1257 808 1418 870; x_wconf 87' lang='lat' dir='ltr'>constitu-</span> 
     </span>
     <span class='ocr_line' id='line_1_6' title="bbox 218 909 1419 990; baseline -0.004 -16"><span class='ocrx_word' id='word_1_40' title='bbox 218 917 293 988; x_wconf 90' lang='lat' dir='ltr'>tum,</span> <span class='ocrx_word' id='word_1_41' title='bbox 317 917 353 972; x_wconf 94' lang='lat' dir='ltr'>ut</span> <span class='ocrx_word' id='word_1_42' title='bbox 374 915 465 972; x_wconf 83' lang='lat' dir='ltr'>entes</span> <span class='ocrx_word' id='word_1_43' title='bbox 485 909 709 972; x_wconf 77' lang='lat' dir='ltr'><strong>servabantur:</strong></span> <span class='ocrx_word' id='word_1_44' title='bbox 740 915 771 970; x_wconf 87' lang='lat' dir='ltr'>et</span> <span class='ocrx_word' id='word_1_45' title='bbox 801 910 833 969; x_wconf 94' lang='lat' dir='ltr'>in</span> <span class='ocrx_word' id='word_1_46' title='bbox 854 911 1030 989; x_wconf 85' lang='lat' dir='ltr'>municipiis</span> <span class='ocrx_word' id='word_1_47' title='bbox 1054 909 1107 972; x_wconf 85' lang='lat' dir='ltr'>vel</span> <span class='ocrx_word' id='word_1_48' title='bbox 1129 911 1312 990; x_wconf 87' lang='lat' dir='ltr'>provinciis,</span> <span class='ocrx_word' id='word_1_49' title='bbox 1334 909 1419 970; x_wconf 85' lang='lat' dir='ltr'>sicut</span> 
     </span>
     <span class='ocr_line' id='line_1_7' title="bbox 217 1009 1418 1092; baseline -0.002 -18"><span class='ocrx_word' id='word_1_50' title='bbox 217 1014 249 1074; x_wconf 95' lang='lat' dir='ltr'>in</span> <span class='ocrx_word' id='word_1_51' title='bbox 272 1012 351 1074; x_wconf 90' lang='lat' dir='ltr'>urbe</span> <span class='ocrx_word' id='word_1_52' title='bbox 373 1011 481 1086; x_wconf 80' lang='lat' dir='ltr'>Rome,</span> <span class='ocrx_word' id='word_1_53' title='bbox 517 1010 579 1073; x_wconf 91' lang='lat' dir='ltr'>loci</span> <span class='ocrx_word' id='word_1_54' title='bbox 599 1009 850 1092; x_wconf 89' lang='lat' dir='ltr'>&#39;consuetudines</span> <span class='ocrx_word' id='word_1_55' title='bbox 872 1027 930 1089; x_wconf 93' lang='lat' dir='ltr'>pro</span> <span class='ocrx_word' id='word_1_56' title='bbox 953 1011 1023 1072; x_wconf 88' lang='lat' dir='ltr'>iure</span> <span class='ocrx_word' id='word_1_57' title='bbox 1044 1009 1248 1072; x_wconf 81' lang='lat' dir='ltr'>habebuntur.</span> <span class='ocrx_word' id='word_1_58' title='bbox 1293 1011 1418 1072; x_wconf 82' lang='lat' dir='ltr'>Summo</span> 
     </span>
     <span class='ocr_line' id='line_1_8' title="bbox 215 1109 1374 1199; baseline -0.003 -23"><span class='ocrx_word' id='word_1_59' title='bbox 215 1129 342 1194; x_wconf 85' lang='lat' dir='ltr'>quoque</span> <span class='ocrx_word' id='word_1_60' title='bbox 365 1118 432 1174; x_wconf 81' lang='lat' dir='ltr'>eret</span> <span class='ocrx_word' id='word_1_61' title='bbox 454 1129 561 1174; x_wconf 90' lang='lat' dir='ltr'>rerum</span> <span class='ocrx_word' id='word_1_62' title='bbox 583 1117 736 1193; x_wconf 90' lang='lat' dir='ltr'>perpetuo</span> <span class='ocrx_word' id='word_1_63' title='bbox 759 1109 903 1173; x_wconf 85' lang='lat' dir='ltr'>similiter</span> <span class='ocrx_word' id='word_1_64' title='bbox 925 1111 1129 1174; x_wconf 78' lang='lat' dir='ltr'>iudicatorum</span> <span class='ocrx_word' id='word_1_65' title='bbox 1153 1111 1374 1199; x_wconf 59' lang='lat' dir='ltr'>auctoritosll.</span> 
     </span>
    </p>

    <p class='ocr_par' dir='ltr' id='par_1_4' title="bbox 158 1211 1419 1803">
     <span class='ocr_line' id='line_1_9' title="bbox 244 1211 1419 1298; baseline -0.003 -19"><span class='ocrx_word' id='word_1_66' title='bbox 244 1217 289 1298; x_wconf 51' lang='grc' dir='ltr'><strong>ὃ.</strong></span> <span class='ocrx_word' id='word_1_67' title='bbox 313 1213 364 1279; x_wconf 79' lang='grc'><strong>65.</strong></span> <span class='ocrx_word' id='word_1_68' title='bbox 407 1212 476 1275; x_wconf 82' lang='lat' dir='ltr'>Puri</span> <span class='ocrx_word' id='word_1_69' title='bbox 515 1213 607 1276; x_wconf 92' lang='lat' dir='ltr'>modo</span> <span class='ocrx_word' id='word_1_70' title='bbox 638 1215 687 1274; x_wconf 90' lang='lat' dir='ltr'>ius</span> <span class='ocrx_word' id='word_1_71' title='bbox 719 1213 815 1275; x_wconf 90' lang='lat' dir='ltr'>civile</span> <span class='ocrx_word' id='word_1_72' title='bbox 845 1211 1051 1292; x_wconf 71' lang='lat' dir='ltr'>perduravit,</span> <span class='ocrx_word' id='word_1_73' title='bbox 1090 1219 1121 1274; x_wconf 91' lang='lat' dir='ltr'>et</span> <span class='ocrx_word' id='word_1_74' title='bbox 1150 1215 1298 1276; x_wconf 80' lang='lat' dir='ltr'>maiorem</span> <span class='ocrx_word' id='word_1_75' title='bbox 1325 1229 1419 1293; x_wconf 85' lang='lat' dir='ltr'>quom</span> 
     </span>
     <span class='ocr_line' id='line_1_10' title="bbox 218 1312 1418 1394; baseline -0.002 -17"><span class='ocrx_word' id='word_1_76' title='bbox 218 1319 309 1378; x_wconf 79' lang='lat' dir='ltr'>antea</span> <span class='ocrx_word' id='word_1_77' title='bbox 331 1314 548 1376; x_wconf 77' lang='lat' dir='ltr'>auctoritatem</span> <span class='ocrx_word' id='word_1_78' title='bbox 571 1314 724 1391; x_wconf 88' lang='lat' dir='ltr'>obtinuit,</span> <span class='ocrx_word' id='word_1_79' title='bbox 755 1319 885 1394; x_wconf 91' lang='lat' dir='ltr'>propter</span> <span class='ocrx_word' id='word_1_80' title='bbox 907 1314 1068 1376; x_wconf 80' lang='lat' dir='ltr'>maximam</span> <span class='ocrx_word' id='word_1_81' title='bbox 1092 1312 1176 1376; x_wconf 84' lang='lat' dir='ltr'>illam</span> <span class='ocrx_word' id='word_1_82' title='bbox 1201 1313 1418 1376; x_wconf 87' lang='lat' dir='ltr'>iurisconsul-</span> 
     </span>
     <span class='ocr_line' id='line_1_11' title="bbox 216 1413 1418 1495; baseline -0.005 -15"><span class='ocrx_word' id='word_1_83' title='bbox 216 1422 319 1480; x_wconf 89' lang='lat' dir='ltr'>torum</span> <span class='ocrx_word' id='word_1_84' title='bbox 341 1413 461 1477; x_wconf 81' lang='lat' dir='ltr'>lumom.</span> <span class='ocrx_word' id='word_1_85' title='bbox 513 1414 576 1477; x_wconf 86' lang='lat' dir='ltr'>Sub</span> <span class='ocrx_word' id='word_1_86' title='bbox 608 1414 853 1495; x_wconf 82' lang='lat' dir='ltr'>imperatoribus</span> <span class='ocrx_word' id='word_1_87' title='bbox 878 1414 1066 1494; x_wconf 81' lang='lat' dir='ltr'>prudentum</span> <span class='ocrx_word' id='word_1_88' title='bbox 1094 1415 1268 1495; x_wconf 91' lang='lat' dir='ltr'>responsis,</span> <span class='ocrx_word' id='word_1_89' title='bbox 1301 1413 1418 1493; x_wconf 86' lang='lat' dir='ltr'>quibos</span> 
     </span>
     <span class='ocr_line' id='line_1_12' title="bbox 218 1512 1419 1598; baseline -0.004 -19"><span class='ocrx_word' id='word_1_90' title='bbox 218 1516 404 1598; x_wconf 87' lang='lat' dir='ltr'>permissum</span> <span class='ocrx_word' id='word_1_91' title='bbox 428 1519 495 1576; x_wconf 82' lang='lat' dir='ltr'>eret</span> <span class='ocrx_word' id='word_1_92' title='bbox 525 1520 559 1574; x_wconf 95' lang='lat' dir='ltr'>ut</span> <span class='ocrx_word' id='word_1_93' title='bbox 582 1533 622 1576; x_wconf 85' lang='lat' dir='ltr'>cx</span> <span class='ocrx_word' id='word_1_94' title='bbox 647 1516 798 1596; x_wconf 88' lang='lat' dir='ltr'>principis</span> <span class='ocrx_word' id='word_1_95' title='bbox 820 1516 1009 1576; x_wconf 80' lang='lat' dir='ltr'>auctoritate</span> <span class='ocrx_word' id='word_1_96' title='bbox 1031 1515 1274 1596; x_wconf 85' lang='lat' dir='ltr'>responderent,</span> <span class='ocrx_word' id='word_1_97' title='bbox 1295 1514 1333 1578; x_wconf 81' lang='lat' dir='ltr'>ab</span> <span class='ocrx_word' id='word_1_98' title='bbox 1350 1512 1419 1575; x_wconf 81' lang='lat' dir='ltr'>lla-</span> 
     </span>
     <span class='ocr_line' id='line_1_13' title="bbox 216 1614 1418 1691; baseline -0.002 -12"><span class='ocrx_word' id='word_1_99' title='bbox 216 1617 326 1680; x_wconf 82' lang='lat' dir='ltr'>drinno</span> <span class='ocrx_word' id='word_1_100' title='bbox 349 1616 447 1678; x_wconf 81' lang='lat' dir='ltr'>maior</span> <span class='ocrx_word' id='word_1_101' title='bbox 469 1614 548 1676; x_wconf 82' lang='lat' dir='ltr'>odeo</span> <span class='ocrx_word' id='word_1_102' title='bbox 571 1616 620 1676; x_wconf 83' lang='lat' dir='ltr'>vis</span> <span class='ocrx_word' id='word_1_103' title='bbox 642 1615 769 1691; x_wconf 80' lang='lat' dir='ltr'>tributa,</span> <span class='ocrx_word' id='word_1_104' title='bbox 794 1621 828 1676; x_wconf 91' lang='lat' dir='ltr'>ut</span> <span class='ocrx_word' id='word_1_105' title='bbox 852 1617 878 1676; x_wconf 92' lang='lat' dir='ltr'>si</span> <span class='ocrx_word' id='word_1_106' title='bbox 894 1617 925 1677; x_wconf 94' lang='lat' dir='ltr'>in</span> <span class='ocrx_word' id='word_1_107' title='bbox 946 1631 1040 1676; x_wconf 90' lang='lat' dir='ltr'>unum</span> <span class='ocrx_word' id='word_1_108' title='bbox 1055 1620 1283 1677; x_wconf 83' lang='lat' dir='ltr'>concurrerent</span> <span class='ocrx_word' id='word_1_109' title='bbox 1307 1631 1418 1676; x_wconf 88' lang='lat' dir='ltr'>eorum</span> 
     </span>
     <span class='ocr_line' id='line_1_14' title="bbox 158 1713 873 1803; baseline -0.007 -22"><span class='ocrx_word' id='word_1_110' title='bbox 158 1763 162 1768; x_wconf 66' lang='lat'><strong>.</strong></span> <span class='ocrx_word' id='word_1_111' title='bbox 216 1717 390 1794; x_wconf 80' lang='lat' dir='ltr'>sententie,</span> <span class='ocrx_word' id='word_1_112' title='bbox 414 1713 497 1798; x_wconf 80' lang='lat' dir='ltr'>legis</span> <span class='ocrx_word' id='word_1_113' title='bbox 519 1716 620 1778; x_wconf 85' lang='lat' dir='ltr'>vicem</span> <span class='ocrx_word' id='word_1_114' title='bbox 645 1715 873 1803; x_wconf 71' lang='lat' dir='ltr'>obtinerentil.</span> 
     </span>
    </p>
   </div>
   <div class='ocr_carea' id='block_1_3' title="bbox 217 1899 1417 2058">
    <p class='ocr_par' dir='ltr' id='par_1_5' title="bbox 217 1899 1417 2058">
     <span class='ocr_line' id='line_1_15' title="bbox 217 1899 1417 1954; baseline -0.002 -2"><span class='ocrx_word' id='word_1_115' title='bbox 217 1900 285 1952; x_wconf 82' lang='lat' dir='ltr'>rm.</span> <span class='ocrx_word' id='word_1_116' title='bbox 307 1900 351 1951; x_wconf 90' lang='lat' dir='ltr'>rv.</span> <span class='ocrx_word' id='word_1_117' title='bbox 388 1901 437 1952; x_wconf 82' lang='lat' dir='ltr'>ns</span> <span class='ocrx_word' id='word_1_118' title='bbox 456 1901 560 1954; x_wconf 75' lang='lat' dir='ltr'>rums</span> <span class='ocrx_word' id='word_1_119' title='bbox 583 1900 678 1952; x_wconf 83' lang='lat' dir='ltr'>rums</span> <span class='ocrx_word' id='word_1_120' title='bbox 702 1899 935 1952; x_wconf 76' lang='lat' dir='ltr'>Rounnosuu</span> <span class='ocrx_word' id='word_1_121' title='bbox 960 1899 1007 1950; x_wconf 80' lang='lat' dir='ltr'>sc</span> <span class='ocrx_word' id='word_1_122' title='bbox 1032 1900 1254 1952; x_wconf 70' lang='lat' dir='ltr'>mensuro</span> <span class='ocrx_word' id='word_1_123' title='bbox 1275 1899 1417 1953; x_wconf 79' lang='lat' dir='ltr'>sereno</span> 
     </span>
     <span class='ocr_line' id='line_1_16' title="bbox 555 1985 1080 2058; baseline -0.002 -18"><span class='ocrx_word' id='word_1_124' title='bbox 555 1987 677 2051; x_wconf 80' lang='lat' dir='ltr'>usouu</span> <span class='ocrx_word' id='word_1_125' title='bbox 695 1989 743 2040; x_wconf 80' lang='lat' dir='ltr'>su</span> <span class='ocrx_word' id='word_1_126' title='bbox 763 1987 1003 2058; x_wconf 76' lang='lat' dir='ltr'>rusummnuu</span> <span class='ocrx_word' id='word_1_127' title='bbox 1017 1989 1037 2040; x_wconf 94' lang='lat'>1.</span> <span class='ocrx_word' id='word_1_128' title='bbox 1050 1985 1080 2056; x_wconf 78' lang='lat'>⁴).</span> 
     </span>
    </p>
   </div>
   <div class='ocr_carea' id='block_1_4' title="bbox 516 2135 1119 2188">
    <p class='ocr_par' dir='ltr' id='par_1_6' title="bbox 516 2135 1119 2188">
     <span class='ocr_line' id='line_1_17' title="bbox 516 2135 1119 2188; baseline 0.003 -16"><span class='ocrx_word' id='word_1_129' title='bbox 516 2136 542 2178; x_wconf 75' lang='lat' dir='ltr'>A,</span> <span class='ocrx_word' id='word_1_130' title='bbox 561 2135 586 2172; x_wconf 86' lang='grc'>11.</span> <span class='ocrx_word' id='word_1_131' title='bbox 606 2135 628 2176; x_wconf 77' lang='lat' dir='ltr'>(l.</span> <span class='ocrx_word' id='word_1_132' title='bbox 650 2136 676 2178; x_wconf 84' lang='grc' dir='ltr'>Ι,</span> <span class='ocrx_word' id='word_1_133' title='bbox 699 2151 732 2162; x_wconf 89' lang='grc'><strong>-</strong></span> <span class='ocrx_word' id='word_1_134' title='bbox 749 2135 825 2178; x_wconf 77' lang='lat' dir='ltr'>lucc.</span> <span class='ocrx_word' id='word_1_135' title='bbox 844 2137 867 2176; x_wconf 77' lang='grc' dir='ltr'><strong>Ρ.</strong></span> <span class='ocrx_word' id='word_1_136' title='bbox 888 2136 928 2177; x_wconf 77' lang='grc'>01.</span> <span class='ocrx_word' id='word_1_137' title='bbox 949 2136 1004 2176; x_wconf 72' lang='lat' dir='ltr'>cor..</span> <span class='ocrx_word' id='word_1_138' title='bbox 1025 2135 1119 2188; x_wconf 55' lang='lat'>*3¹³¹*-</span> 
     </span>
    </p>
   </div>
   <div class='ocr_carea' id='block_1_5' title="bbox 261 2257 1417 2342">
    <p class='ocr_par' dir='ltr' id='par_1_7' title="bbox 261 2257 1417 2342">
     <span class='ocr_line' id='line_1_18' title="bbox 261 2257 1417 2342; baseline -0.003 -19"><span class='ocrx_word' id='word_1_139' title='bbox 261 2257 353 2342; x_wconf 72' lang='lat' dir='ltr'>§.oo</span> <span class='ocrx_word' id='word_1_140' title='bbox 397 2257 563 2340; x_wconf 80' lang='lat' dir='ltr'>Postquam</span> <span class='ocrx_word' id='word_1_141' title='bbox 584 2261 727 2342; x_wconf 80' lang='lat' dir='ltr'>insignes</span> <span class='ocrx_word' id='word_1_142' title='bbox 753 2259 800 2322; x_wconf 92' lang='lat' dir='ltr'>illi</span> <span class='ocrx_word' id='word_1_143' title='bbox 822 2259 1040 2322; x_wconf 88' lang='lat' dir='ltr'>iurisconsulti</span> <span class='ocrx_word' id='word_1_144' title='bbox 1065 2259 1295 2336; x_wconf 81' lang='lat' dir='ltr'>occubuerant,</span> <span class='ocrx_word' id='word_1_145' title='bbox 1316 2259 1417 2320; x_wconf 88' lang='lat' dir='ltr'>iuris-</span> 
     </span>
    </p>
   </div>
   <div class='ocr_carea' id='block_1_6' title="bbox 205 2352 1527 2541">
    <p class='ocr_par' dir='ltr' id='par_1_8' title="bbox 205 2352 1527 2541">
     <span class='ocr_line' id='line_1_19' title="bbox 205 2352 1527 2443; baseline -0.003 -21"><span class='ocrx_word' id='word_1_146' title='bbox 205 2359 394 2443; x_wconf 55' lang='lat' dir='ltr'>,prudentiae</span> <span class='ocrx_word' id='word_1_147' title='bbox 417 2359 514 2423; x_wconf 81' lang='lat' dir='ltr'>formu</span> <span class='ocrx_word' id='word_1_148' title='bbox 539 2379 611 2423; x_wconf 86' lang='lat' dir='ltr'>mox</span> <span class='ocrx_word' id='word_1_149' title='bbox 633 2367 749 2422; x_wconf 81' lang='lat' dir='ltr'>mutata</span> <span class='ocrx_word' id='word_1_150' title='bbox 773 2367 832 2422; x_wconf 86' lang='lat' dir='ltr'>est.</span> <span class='ocrx_word' id='word_1_151' title='bbox 885 2359 986 2440; x_wconf 83' lang='lat' dir='ltr'>Lapso</span> <span class='ocrx_word' id='word_1_152' title='bbox 1019 2362 1078 2422; x_wconf 83' lang='lat' dir='ltr'>iam</span> <span class='ocrx_word' id='word_1_153' title='bbox 1106 2352 1281 2422; x_wconf 82' lang='lat' dir='ltr'>ceterarum</span> <span class='ocrx_word' id='word_1_154' title='bbox 1304 2359 1417 2420; x_wconf 83' lang='lat' dir='ltr'>artium</span> <span class='ocrx_word' id='word_1_155' title='bbox 1526 2391 1527 2396; x_wconf 21' lang='grc' dir='ltr'><strong>κ</strong></span> 
     </span>
     <span class='ocr_line' id='line_1_20' title="bbox 218 2458 1439 2541; baseline -0.002 -19"><span class='ocrx_word' id='word_1_156' title='bbox 218 2458 395 2522; x_wconf 84' lang='lat' dir='ltr'>liberalium</span> <span class='ocrx_word' id='word_1_157' title='bbox 416 2460 539 2537; x_wconf 89' lang='lat' dir='ltr'>studio,</span> <span class='ocrx_word' id='word_1_158' title='bbox 572 2461 823 2541; x_wconf 90' lang='lat' dir='ltr'>iurisperitorum</span> <span class='ocrx_word' id='word_1_159' title='bbox 856 2478 983 2541; x_wconf 87' lang='lat' dir='ltr'>quoque</span> <span class='ocrx_word' id='word_1_160' title='bbox 1006 2461 1068 2522; x_wconf 79' lang='lat' dir='ltr'>labi</span> <span class='ocrx_word' id='word_1_161' title='bbox 1093 2459 1313 2535; x_wconf 89' lang='lat' dir='ltr'>eruditionem,</span> <span class='ocrx_word' id='word_1_162' title='bbox 1336 2458 1439 2521; x_wconf 90' lang='lat' dir='ltr'>doc-.</span> 
     </span>
    </p>
   </div>
   <div class='ocr_carea' id='block_1_7' title="bbox 146 2559 1417 3749">
    <p class='ocr_par' dir='ltr' id='par_1_9' title="bbox 146 2559 1417 3144">
     <span class='ocr_line' id='line_1_21' title="bbox 217 2559 1415 2644; baseline -0.003 -21"><span class='ocrx_word' id='word_1_163' title='bbox 217 2561 393 2641; x_wconf 77' lang='lat' dir='ltr'>trinamque</span> <span class='ocrx_word' id='word_1_164' title='bbox 416 2562 604 2624; x_wconf 81' lang='lat' dir='ltr'>inconditam</span> <span class='ocrx_word' id='word_1_165' title='bbox 627 2559 763 2623; x_wconf 80' lang='lat' dir='ltr'>evadere</span> <span class='ocrx_word' id='word_1_166' title='bbox 785 2563 943 2644; x_wconf 83' lang='lat' dir='ltr'>oportuit3</span> <span class='ocrx_word' id='word_1_167' title='bbox 966 2563 1089 2641; x_wconf 80' lang='lat' dir='ltr'>iamque</span> <span class='ocrx_word' id='word_1_168' title='bbox 1104 2559 1144 2622; x_wconf 91' lang='lat' dir='ltr'>de</span> <span class='ocrx_word' id='word_1_169' title='bbox 1158 2561 1229 2621; x_wconf 90' lang='lat' dir='ltr'>iure</span> <span class='ocrx_word' id='word_1_170' title='bbox 1242 2561 1415 2639; x_wconf 90' lang='lat' dir='ltr'>scriptores</span> 
     </span>
     <span class='ocr_line' id='line_1_22' title="bbox 217 2659 1417 2743; baseline -0.004 -18"><span class='ocrx_word' id='word_1_171' title='bbox 217 2663 418 2743; x_wconf 89' lang='lat' dir='ltr'>insequenti</span> <span class='ocrx_word' id='word_1_172' title='bbox 452 2667 591 2743; x_wconf 90' lang='lat' dir='ltr'>tempore</span> <span class='ocrx_word' id='word_1_173' title='bbox 621 2660 689 2724; x_wconf 87' lang='lat' dir='ltr'>lere</span> <span class='ocrx_word' id='word_1_174' title='bbox 717 2660 807 2723; x_wconf 90' lang='lat' dir='ltr'>nulli.</span> <span class='ocrx_word' id='word_1_175' title='bbox 859 2661 921 2724; x_wconf 89' lang='lat' dir='ltr'>Res</span> <span class='ocrx_word' id='word_1_176' title='bbox 945 2679 1095 2738; x_wconf 85' lang='lat' dir='ltr'>romanae,</span> <span class='ocrx_word' id='word_1_177' title='bbox 1117 2659 1226 2742; x_wconf 90' lang='lat' dir='ltr'>populi</span> <span class='ocrx_word' id='word_1_178' title='bbox 1248 2661 1365 2721; x_wconf 87' lang='lat' dir='ltr'>virtute</span> <span class='ocrx_word' id='word_1_179' title='bbox 1385 2665 1417 2720; x_wconf 88' lang='lat' dir='ltr'>ct</span> 
     </span>
     <span class='ocr_line' id='line_1_23' title="bbox 216 2760 1416 2843; baseline -0.002 -19"><span class='ocrx_word' id='word_1_180' title='bbox 216 2761 397 2843; x_wconf 77' lang='lat' dir='ltr'>reipublice</span> <span class='ocrx_word' id='word_1_181' title='bbox 417 2761 560 2823; x_wconf 82' lang='lat' dir='ltr'>firmitate</span> <span class='ocrx_word' id='word_1_182' title='bbox 575 2761 684 2837; x_wconf 81' lang='lat' dir='ltr'>fracta,</span> <span class='ocrx_word' id='word_1_183' title='bbox 703 2761 842 2841; x_wconf 88' lang='lat' dir='ltr'>quotidie</span> <span class='ocrx_word' id='word_1_184' title='bbox 856 2761 1103 2824; x_wconf 83' lang='lat' dir='ltr'>decrescebant:</span> <span class='ocrx_word' id='word_1_185' title='bbox 1125 2761 1332 2842; x_wconf 89' lang='lat' dir='ltr'>pessimorum</span> <span class='ocrx_word' id='word_1_186' title='bbox 1353 2760 1416 2822; x_wconf 83' lang='lat' dir='ltr'>inr-</span> 
     </span>
     <span class='ocr_line' id='line_1_24' title="bbox 146 2858 1417 2946; baseline -0.005 -21"><span class='ocrx_word' id='word_1_187' title='bbox 146 2929 151 2938; x_wconf 53' lang='grc'>,</span> <span class='ocrx_word' id='word_1_188' title='bbox 216 2867 408 2946; x_wconf 86' lang='lat' dir='ltr'>perotorum,</span> <span class='ocrx_word' id='word_1_189' title='bbox 432 2863 485 2942; x_wconf 90' lang='lat' dir='ltr'>qui</span> <span class='ocrx_word' id='word_1_190' title='bbox 510 2861 778 2923; x_wconf 83' lang='lat' dir='ltr'>coniurationibus</span> <span class='ocrx_word' id='word_1_191' title='bbox 803 2863 1045 2943; x_wconf 82' lang='lat' dir='ltr'>etpercriminn</span> <span class='ocrx_word' id='word_1_192' title='bbox 1068 2861 1169 2924; x_wconf 90' lang='lat' dir='ltr'>omnis</span> <span class='ocrx_word' id='word_1_193' title='bbox 1193 2863 1321 2942; x_wconf 80' lang='lat' dir='ltr'>generis</span> <span class='ocrx_word' id='word_1_194' title='bbox 1343 2858 1417 2920; x_wconf 82' lang='lat' dir='ltr'>cdi-</span> 
     </span>
     <span class='ocr_line' id='line_1_25' title="bbox 218 2961 1416 3046; baseline -0.005 -21"><span class='ocrx_word' id='word_1_195' title='bbox 218 2968 282 3025; x_wconf 90' lang='lat' dir='ltr'>tum</span> <span class='ocrx_word' id='word_1_196' title='bbox 307 2961 367 3024; x_wconf 92' lang='lat' dir='ltr'>sibi</span> <span class='ocrx_word' id='word_1_197' title='bbox 389 2961 427 3024; x_wconf 81' lang='lat' dir='ltr'>od</span> <span class='ocrx_word' id='word_1_198' title='bbox 452 2961 615 3043; x_wconf 87' lang='lat' dir='ltr'>imperium</span> <span class='ocrx_word' id='word_1_199' title='bbox 639 2967 800 3042; x_wconf 82' lang='lat' dir='ltr'>pararunt,</span> <span class='ocrx_word' id='word_1_200' title='bbox 822 2961 917 3046; x_wconf 82' lang='lat' dir='ltr'>longe</span> <span class='ocrx_word' id='word_1_201' title='bbox 941 2965 1058 3036; x_wconf 84' lang='lat' dir='ltr'>series3</span> <span class='ocrx_word' id='word_1_202' title='bbox 1081 2961 1287 3024; x_wconf 80' lang='lat' dir='ltr'>barbarorum</span> <span class='ocrx_word' id='word_1_203' title='bbox 1308 2975 1416 3042; x_wconf 92' lang='lat' dir='ltr'>popu-</span> 
     </span>
     <span class='ocr_line' id='line_1_26' title="bbox 218 3061 772 3144; baseline -0.002 -19"><span class='ocrx_word' id='word_1_204' title='bbox 218 3062 320 3126; x_wconf 91' lang='lat' dir='ltr'>lorum</span> <span class='ocrx_word' id='word_1_205' title='bbox 342 3064 480 3144; x_wconf 82' lang='lat' dir='ltr'>potentia</span> <span class='ocrx_word' id='word_1_206' title='bbox 505 3065 537 3124; x_wconf 93' lang='lat' dir='ltr'>in</span> <span class='ocrx_word' id='word_1_207' title='bbox 561 3061 628 3124; x_wconf 90' lang='lat' dir='ltr'>dics</span> <span class='ocrx_word' id='word_1_208' title='bbox 652 3062 772 3126; x_wconf 85' lang='lat' dir='ltr'>fortior.</span> 
     </span>
    </p>

    <p class='ocr_par' dir='ltr' id='par_1_10' title="bbox 150 3161 1416 3749">
     <span class='ocr_line' id='line_1_27' title="bbox 261 3161 1416 3246; baseline -0.003 -21"><span class='ocrx_word' id='word_1_209' title='bbox 261 3162 352 3246; x_wconf 65' lang='lat' dir='ltr'>§.bl</span> <span class='ocrx_word' id='word_1_210' title='bbox 397 3163 456 3225; x_wconf 90' lang='lat' dir='ltr'>Per</span> <span class='ocrx_word' id='word_1_211' title='bbox 481 3169 605 3225; x_wconf 88' lang='lat' dir='ltr'>centum</span> <span class='ocrx_word' id='word_1_212' title='bbox 627 3170 698 3244; x_wconf 90' lang='lat' dir='ltr'>post</span> <span class='ocrx_word' id='word_1_213' title='bbox 719 3163 933 3227; x_wconf 82' lang='lat' dir='ltr'>Alexandrum</span> <span class='ocrx_word' id='word_1_214' title='bbox 944 3166 1096 3228; x_wconf 87' lang='lat' dir='ltr'>Severum</span> <span class='ocrx_word' id='word_1_215' title='bbox 1121 3181 1231 3238; x_wconf 79' lang='lat' dir='ltr'>annos,</span> <span class='ocrx_word' id='word_1_216' title='bbox 1256 3161 1416 3241; x_wconf 90' lang='lat' dir='ltr'>iurispru-</span> 
     </span>
     <span class='ocr_line' id='line_1_28' title="bbox 150 3261 1415 3344; baseline -0.005 -16"><span class='ocrx_word' id='word_1_217' title='bbox 150 3261 154 3266; x_wconf 72' lang='grc'><strong>’</strong></span> <span class='ocrx_word' id='word_1_218' title='bbox 216 3263 321 3328; x_wconf 76' lang='lat' dir='ltr'>dentis</span> <span class='ocrx_word' id='word_1_219' title='bbox 345 3265 434 3344; x_wconf 83' lang='lat' dir='ltr'>quusi</span> <span class='ocrx_word' id='word_1_220' title='bbox 457 3263 618 3343; x_wconf 84' lang='lat' dir='ltr'>deperdito</span> <span class='ocrx_word' id='word_1_221' title='bbox 643 3283 715 3327; x_wconf 91' lang='lat' dir='ltr'>csse</span> <span class='ocrx_word' id='word_1_222' title='bbox 738 3265 867 3328; x_wconf 87' lang='lat' dir='ltr'>videtur</span> <span class='ocrx_word' id='word_1_223' title='bbox 875 3284 884 3339; x_wconf 83' lang='lat'><em>3</em></span> <span class='ocrx_word' id='word_1_224' title='bbox 907 3270 1022 3326; x_wconf 84' lang='lat' dir='ltr'>tantum</span> <span class='ocrx_word' id='word_1_225' title='bbox 1044 3263 1084 3326; x_wconf 93' lang='lat' dir='ltr'>dc</span> <span class='ocrx_word' id='word_1_226' title='bbox 1104 3283 1140 3325; x_wconf 84' lang='lat' dir='ltr'>ea</span> <span class='ocrx_word' id='word_1_227' title='bbox 1162 3281 1219 3343; x_wconf 92' lang='lat' dir='ltr'>per</span> <span class='ocrx_word' id='word_1_228' title='bbox 1242 3261 1308 3322; x_wconf 87' lang='lat' dir='ltr'>haec</span> <span class='ocrx_word' id='word_1_229' title='bbox 1331 3265 1415 3322; x_wconf 85' lang='lat' dir='ltr'>tern-</span> 
     </span>
     <span class='ocr_line' id='line_1_29' title="bbox 216 3360 1416 3448; baseline -0.004 -19"><span class='ocrx_word' id='word_1_230' title='bbox 216 3383 293 3447; x_wconf 77' lang='lat' dir='ltr'>pore</span> <span class='ocrx_word' id='word_1_231' title='bbox 315 3365 474 3438; x_wconf 86' lang='lat' dir='ltr'>silentium</span> <span class='ocrx_word' id='word_1_232' title='bbox 498 3371 556 3428; x_wconf 91' lang='lat' dir='ltr'>est.</span> <span class='ocrx_word' id='word_1_233' title='bbox 601 3365 636 3427; x_wconf 95' lang='lat' dir='ltr'>ln</span> <span class='ocrx_word' id='word_1_234' title='bbox 657 3367 832 3448; x_wconf 90' lang='lat' dir='ltr'>principum</span> <span class='ocrx_word' id='word_1_235' title='bbox 855 3372 957 3428; x_wconf 81' lang='lat' dir='ltr'>tamen</span> <span class='ocrx_word' id='word_1_236' title='bbox 982 3365 1156 3441; x_wconf 78' lang='lat' dir='ltr'>auditoriis,</span> <span class='ocrx_word' id='word_1_237' title='bbox 1179 3365 1310 3425; x_wconf 84' lang='lat' dir='ltr'>maxime</span> <span class='ocrx_word' id='word_1_238' title='bbox 1334 3360 1416 3424; x_wconf 90' lang='lat' dir='ltr'>Dio-</span> 
     </span>
     <span class='ocr_line' id='line_1_30' title="bbox 219 3462 1416 3548; baseline -0.003 -20"><span class='ocrx_word' id='word_1_239' title='bbox 219 3465 345 3529; x_wconf 79' lang='lat' dir='ltr'>cletiani</span> <span class='ocrx_word' id='word_1_240' title='bbox 367 3466 579 3546; x_wconf 69' lang='lat' dir='ltr'>imperatoris</span> <span class='ocrx_word' id='word_1_241' title='bbox 607 3485 731 3547; x_wconf 86' lang='lat' dir='ltr'>semper</span> <span class='ocrx_word' id='word_1_242' title='bbox 754 3467 935 3548; x_wconf 88' lang='lat' dir='ltr'>peritissimi</span> <span class='ocrx_word' id='word_1_243' title='bbox 956 3465 1047 3537; x_wconf 81' lang='lat' dir='ltr'>fuere</span> <span class='ocrx_word' id='word_1_244' title='bbox 1070 3462 1307 3538; x_wconf 88' lang='lat' dir='ltr'>iurisconsulti,</span> <span class='ocrx_word' id='word_1_245' title='bbox 1332 3479 1416 3541; x_wconf 88' lang='lat' dir='ltr'>quo-</span> 
     </span>
     <span class='ocr_line' id='line_1_31' title="bbox 218 3563 1416 3650; baseline -0.006 -21"><span class='ocrx_word' id='word_1_246' title='bbox 218 3583 287 3629; x_wconf 91' lang='lat' dir='ltr'>rum</span> <span class='ocrx_word' id='word_1_247' title='bbox 314 3567 425 3630; x_wconf 82' lang='lat' dir='ltr'>eximia</span> <span class='ocrx_word' id='word_1_248' title='bbox 451 3569 529 3630; x_wconf 89' lang='lat' dir='ltr'>iuris</span> <span class='ocrx_word' id='word_1_249' title='bbox 543 3570 683 3650; x_wconf 85' lang='lat' dir='ltr'>cognitio</span> <span class='ocrx_word' id='word_1_250' title='bbox 706 3586 745 3629; x_wconf 90' lang='lat' dir='ltr'>ex</span> <span class='ocrx_word' id='word_1_251' title='bbox 761 3567 866 3630; x_wconf 89' lang='lat' dir='ltr'>multis</span> <span class='ocrx_word' id='word_1_252' title='bbox 890 3568 1001 3630; x_wconf 88' lang='lat' dir='ltr'>borum</span> <span class='ocrx_word' id='word_1_253' title='bbox 1016 3571 1236 3647; x_wconf 81' lang='lat' dir='ltr'>imperatorum</span> <span class='ocrx_word' id='word_1_254' title='bbox 1258 3563 1416 3626; x_wconf 87' lang='lat' dir='ltr'>constitu-</span> 
     </span>
     <span class='ocr_line' id='line_1_32' title="bbox 216 3659 1415 3749; baseline -0.005 -17"><span class='ocrx_word' id='word_1_255' title='bbox 216 3669 355 3734; x_wconf 90' lang='lat' dir='ltr'>tionibus</span> <span class='ocrx_word' id='word_1_256' title='bbox 378 3669 491 3733; x_wconf 90' lang='lat' dir='ltr'>elucet.</span> <span class='ocrx_word' id='word_1_257' title='bbox 536 3669 659 3732; x_wconf 82' lang='lat' dir='ltr'>Summa</span> <span class='ocrx_word' id='word_1_258' title='bbox 676 3667 736 3730; x_wconf 93' lang='lat' dir='ltr'>hoc</span> <span class='ocrx_word' id='word_1_259' title='bbox 757 3674 898 3749; x_wconf 88' lang='lat' dir='ltr'>tempore</span> <span class='ocrx_word' id='word_1_260' title='bbox 917 3659 1136 3749; x_wconf 84' lang='lat' dir='ltr'>principalium</span> <span class='ocrx_word' id='word_1_261' title='bbox 1159 3665 1415 3728; x_wconf 88' lang='lat' dir='ltr'>constitutionum</span> 
     </span>
    </p>
   </div>
   <div class='ocr_carea' id='block_1_8' title="bbox 217 3801 414 3813">
    <p class='ocr_par' dir='ltr' id='par_1_11' title="bbox 217 3801 414 3813">
     <span class='ocr_line' id='line_1_33' title="bbox 217 3801 414 3813; baseline -0.005 -1"><span class='ocrx_word' id='word_1_262' title='bbox 217 3801 414 3813; x_wconf 58' lang='grc' dir='ltr'>*ιη-ιι..-</span> 
     </span>
    </p>
   </div>
   <div class='ocr_carea' id='block_1_9' title="bbox 218 3839 1416 4130">
    <p class='ocr_par' dir='ltr' id='par_1_12' title="bbox 218 3839 1416 4130">
     <span class='ocr_line' id='line_1_34' title="bbox 257 3839 1416 3918; baseline -0.008 -13"><span class='ocrx_word' id='word_1_263' title='bbox 257 3850 283 3918; x_wconf 90' lang='grc'>1)</span> <span class='ocrx_word' id='word_1_264' title='bbox 306 3855 375 3908; x_wconf 84' lang='lat' dir='ltr'>Sunt</span> <span class='ocrx_word' id='word_1_265' title='bbox 393 3854 449 3904; x_wconf 77' lang='lat' dir='ltr'>haec</span> <span class='ocrx_word' id='word_1_266' title='bbox 489 3852 649 3914; x_wconf 82' lang='lat' dir='ltr'>erobscuro,</span> <span class='ocrx_word' id='word_1_267' title='bbox 672 3853 705 3902; x_wconf 76' lang='lat' dir='ltr'>ab</span> <span class='ocrx_word' id='word_1_268' title='bbox 736 3852 864 3916; x_wconf 85' lang='lat' dir='ltr'>Eutropio</span> <span class='ocrx_word' id='word_1_269' title='bbox 884 3851 956 3902; x_wconf 85' lang='lat' dir='ltr'><strong>VIII·</strong></span> <span class='ocrx_word' id='word_1_270' title='bbox 975 3849 1000 3902; x_wconf 82' lang='lat'>9.</span> <span class='ocrx_word' id='word_1_271' title='bbox 1021 3853 1047 3899; x_wconf 85' lang='lat' dir='ltr'>et</span> <span class='ocrx_word' id='word_1_272' title='bbox 1066 3863 1082 3897; x_wconf 78' lang='lat' dir='ltr'><strong>a</strong></span> <span class='ocrx_word' id='word_1_273' title='bbox 1101 3839 1248 3898; x_wconf 76' lang='lat' dir='ltr'>Iustiniano</span> <span class='ocrx_word' id='word_1_274' title='bbox 1267 3844 1344 3897; x_wconf 86' lang='lat' dir='ltr'>nobis</span> <span class='ocrx_word' id='word_1_275' title='bbox 1362 3851 1416 3896; x_wconf 79' lang='lat' dir='ltr'>trs-</span> 
     </span>
     <span class='ocr_line' id='line_1_35' title="bbox 218 3869 1414 3986; baseline -0.008 -11"><span class='ocrx_word' id='word_1_276' title='bbox 218 3926 281 3978; x_wconf 81' lang='lat' dir='ltr'>dits.</span> <span class='ocrx_word' id='word_1_277' title='bbox 305 3924 380 3978; x_wconf 80' lang='grc'><strong>(1.2.</strong></span> <span class='ocrx_word' id='word_1_278' title='bbox 403 3869 488 3982; x_wconf 53' lang='grc'>118</span> <span class='ocrx_word' id='word_1_279' title='bbox 509 3921 537 3973; x_wconf 83' lang='lat' dir='ltr'>C.</span> <span class='ocrx_word' id='word_1_280' title='bbox 560 3921 583 3973; x_wconf 91' lang='lat'>1.</span> <span class='ocrx_word' id='word_1_281' title='bbox 604 3918 638 3973; x_wconf 83' lang='lat'>17</span> <span class='ocrx_word' id='word_1_282' title='bbox 655 3917 700 3986; x_wconf 88' lang='lat' dir='ltr'>(de</span> <span class='ocrx_word' id='word_1_283' title='bbox 720 3923 803 3974; x_wconf 85' lang='lat' dir='ltr'>reteri</span> <span class='ocrx_word' id='word_1_284' title='bbox 822 3924 878 3973; x_wconf 83' lang='lat' dir='ltr'>iure</span> <span class='ocrx_word' id='word_1_285' title='bbox 898 3917 1088 3984; x_wconf 78' lang='lat' dir='ltr'>enucleando).</span> <span class='ocrx_word' id='word_1_286' title='bbox 1120 3945 1148 3954; x_wconf 92' lang='lat'><em>-</em></span> <span class='ocrx_word' id='word_1_287' title='bbox 1181 3917 1288 3969; x_wconf 79' lang='lat' dir='ltr'>Walter</span> <span class='ocrx_word' id='word_1_288' title='bbox 1308 3913 1332 3974; x_wconf 80' lang='lat'>5.</span> <span class='ocrx_word' id='word_1_289' title='bbox 1351 3912 1414 3968; x_wconf 83' lang='grc'><strong>418.</strong></span> 
     </span>
     <span class='ocr_line' id='line_1_36' title="bbox 218 3992 1414 4130; baseline -0.01 -11"><span class='ocrx_word' id='word_1_290' title='bbox 218 3992 454 4126; x_wconf 35' lang='lat' dir='ltr'>Mgpussrng&amp;</span> <span class='ocrx_word' id='word_1_291' title='bbox 474 4062 498 4114; x_wconf 92' lang='lat'>1.</span> <span class='ocrx_word' id='word_1_292' title='bbox 516 4066 533 4114; x_wconf 86' lang='lat' dir='ltr'>f.</span> <span class='ocrx_word' id='word_1_293' title='bbox 554 4060 669 4115; x_wconf 83' lang='lat'><strong>33—38·</strong></span> <span class='ocrx_word' id='word_1_294' title='bbox 706 4066 739 4114; x_wconf 92' lang='lat' dir='ltr'>D.</span> <span class='ocrx_word' id='word_1_295' title='bbox 761 4064 785 4116; x_wconf 89' lang='grc'>1.</span> <span class='ocrx_word' id='word_1_296' title='bbox 807 4063 824 4116; x_wconf 89' lang='grc'>3</span> <span class='ocrx_word' id='word_1_297' title='bbox 843 4063 890 4130; x_wconf 85' lang='lat' dir='ltr'>(de</span> <span class='ocrx_word' id='word_1_298' title='bbox 910 4059 1011 4130; x_wconf 80' lang='lat' dir='ltr'>legib).</span> <span class='ocrx_word' id='word_1_299' title='bbox 1041 4059 1114 4112; x_wconf 77' lang='grc'><strong>(1.1.</strong></span> <span class='ocrx_word' id='word_1_300' title='bbox 1147 4059 1176 4110; x_wconf 84' lang='lat' dir='ltr'>O.</span> <span class='ocrx_word' id='word_1_301' title='bbox 1194 4055 1219 4108; x_wconf 87' lang='grc'><strong>8.</strong></span> <span class='ocrx_word' id='word_1_302' title='bbox 1239 4055 1274 4109; x_wconf 82' lang='grc'>53</span> <span class='ocrx_word' id='word_1_303' title='bbox 1294 4055 1363 4126; x_wconf 80' lang='lat' dir='ltr'>(quae</span> <span class='ocrx_word' id='word_1_304' title='bbox 1382 4057 1414 4108; x_wconf 84' lang='lat' dir='ltr'>sil</span> 
     </span>
    </p>
   </div>
   <div class='ocr_carea' id='block_1_10' title="bbox 218 4136 1412 4272">
    <p class='ocr_par' dir='ltr' id='par_1_13' title="bbox 218 4136 1412 4272">
     <span class='ocr_line' id='line_1_37' title="bbox 218 4136 459 4205; baseline -0.021 -14"><span class='ocrx_word' id='word_1_305' title='bbox 218 4140 300 4205; x_wconf 75' lang='lat' dir='ltr'>longe</span> <span class='ocrx_word' id='word_1_306' title='bbox 320 4136 459 4194; x_wconf 82' lang='lat' dir='ltr'>consuet).</span> 
     </span>
     <span class='ocr_line' id='line_1_38' title="bbox 253 4197 1412 4272; baseline -0.01 -11"><span class='ocrx_word' id='word_1_307' title='bbox 253 4207 282 4268; x_wconf 83' lang='grc'>3)</span> <span class='ocrx_word' id='word_1_308' title='bbox 301 4209 333 4258; x_wconf 82' lang='lat' dir='ltr'>V.</span> <span class='ocrx_word' id='word_1_309' title='bbox 356 4208 417 4259; x_wconf 73' lang='lat' dir='ltr'>uait</span> <span class='ocrx_word' id='word_1_310' title='bbox 438 4207 502 4257; x_wconf 84' lang='lat' dir='ltr'>inst·</span> <span class='ocrx_word' id='word_1_311' title='bbox 522 4207 542 4256; x_wconf 93' lang='lat'>1.</span> <span class='ocrx_word' id='word_1_312' title='bbox 561 4204 583 4264; x_wconf 88' lang='lat'>5.</span> <span class='ocrx_word' id='word_1_313' title='bbox 604 4202 647 4268; x_wconf 80' lang='lat'>7.;</span> <span class='ocrx_word' id='word_1_314' title='bbox 675 4205 712 4256; x_wconf 79' lang='lat' dir='ltr'>ed</span> <span class='ocrx_word' id='word_1_315' title='bbox 730 4221 788 4272; x_wconf 81' lang='lat' dir='ltr'>quse</span> <span class='ocrx_word' id='word_1_316' title='bbox 806 4207 898 4257; x_wconf 82' lang='lat' dir='ltr'>referri</span> <span class='ocrx_word' id='word_1_317' title='bbox 916 4207 997 4256; x_wconf 88' lang='lat' dir='ltr'>debet</span> <span class='ocrx_word' id='word_1_318' title='bbox 1012 4206 1088 4256; x_wconf 89' lang='lat' dir='ltr'>locus</span> <span class='ocrx_word' id='word_1_319' title='bbox 1107 4201 1245 4266; x_wconf 85' lang='lat' dir='ltr'>Pomponii</span> <span class='ocrx_word' id='word_1_320' title='bbox 1261 4198 1284 4259; x_wconf 85' lang='lat'>5·</span> <span class='ocrx_word' id='word_1_321' title='bbox 1304 4197 1347 4250; x_wconf 83' lang='lat'>47.</span> <span class='ocrx_word' id='word_1_322' title='bbox 1367 4201 1412 4250; x_wconf 83' lang='lat' dir='ltr'>cir.</span> 
     </span>
    </p>
   </div>
   <div class='ocr_carea' id='block_1_11' title="bbox 214 4268 1414 4636">
    <p class='ocr_par' dir='ltr' id='par_1_14' title="bbox 214 4268 1414 4556">
     <span class='ocr_line' id='line_1_39' title="bbox 223 4268 1414 4343; baseline -0.011 -10"><span class='ocrx_word' id='word_1_323' title='bbox 223 4288 249 4334; x_wconf 78' lang='lat' dir='ltr'>el</span> <span class='ocrx_word' id='word_1_324' title='bbox 270 4278 294 4340; x_wconf 83' lang='lat'>5.</span> <span class='ocrx_word' id='word_1_325' title='bbox 316 4276 341 4330; x_wconf 90' lang='grc'><strong>8.</strong></span> <span class='ocrx_word' id='word_1_326' title='bbox 362 4279 382 4329; x_wconf 88' lang='lat'>1.</span> <span class='ocrx_word' id='word_1_327' title='bbox 405 4276 429 4328; x_wconf 91' lang='grc'>1.</span> <span class='ocrx_word' id='word_1_328' title='bbox 446 4277 471 4328; x_wconf 79' lang='lat'>2.</span> <span class='ocrx_word' id='word_1_329' title='bbox 492 4293 514 4327; x_wconf 90' lang='lat' dir='ltr'>o.</span> <span class='ocrx_word' id='word_1_330' title='bbox 534 4277 557 4328; x_wconf 88' lang='lat'>1.</span> <span class='ocrx_word' id='word_1_331' title='bbox 577 4275 600 4336; x_wconf 86' lang='lat'>5.</span> <span class='ocrx_word' id='word_1_332' title='bbox 619 4274 645 4328; x_wconf 90' lang='lat'>4.</span> <span class='ocrx_word' id='word_1_333' title='bbox 675 4277 745 4328; x_wconf 78' lang='lat' dir='ltr'>ct.</span> <span class='ocrx_word' id='word_1_334' title='bbox 768 4273 870 4342; x_wconf 86' lang='grc'><strong>17(111.</strong></span> <span class='ocrx_word' id='word_1_335' title='bbox 892 4274 956 4343; x_wconf 82' lang='lat' dir='ltr'>cit).</span> <span class='ocrx_word' id='word_1_336' title='bbox 982 4275 1068 4328; x_wconf 75' lang='lat' dir='ltr'><strong>o.12·</strong></span> <span class='ocrx_word' id='word_1_337' title='bbox 1098 4268 1414 4332; x_wconf 61' lang='grc' dir='ltr'><strong>811150111οῆᾱοί-</strong></span> 
     </span>
     <span class='ocr_line' id='line_1_40' title="bbox 218 4338 1412 4416; baseline -0.012 -11"><span class='ocrx_word' id='word_1_338' title='bbox 218 4347 307 4416; x_wconf 68' lang='grc'><strong>10111).</strong></span> <span class='ocrx_word' id='word_1_339' title='bbox 327 4366 350 4402; x_wconf 87' lang='lat' dir='ltr'>c·</span> <span class='ocrx_word' id='word_1_340' title='bbox 362 4347 386 4402; x_wconf 80' lang='lat' dir='ltr'>b.</span> <span class='ocrx_word' id='word_1_341' title='bbox 409 4346 477 4400; x_wconf 79' lang='grc'><strong>(1.8.</strong></span> <span class='ocrx_word' id='word_1_342' title='bbox 496 4345 531 4400; x_wconf 76' lang='lat'>53</span> <span class='ocrx_word' id='word_1_343' title='bbox 549 4347 671 4415; x_wconf 74' lang='lat' dir='ltr'>(quaudo</span> <span class='ocrx_word' id='word_1_344' title='bbox 694 4347 750 4400; x_wconf 87' lang='lat' dir='ltr'>dies</span> <span class='ocrx_word' id='word_1_345' title='bbox 767 4347 869 4416; x_wconf 74' lang='lat' dir='ltr'>legat).</span> <span class='ocrx_word' id='word_1_346' title='bbox 907 4349 971 4400; x_wconf 82' lang='lat' dir='ltr'>Teo.</span> <span class='ocrx_word' id='word_1_347' title='bbox 990 4345 1087 4398; x_wconf 80' lang='lat' dir='ltr'>Anusl.</span> <span class='ocrx_word' id='word_1_348' title='bbox 1106 4345 1127 4395; x_wconf 92' lang='lat'>1.</span> <span class='ocrx_word' id='word_1_349' title='bbox 1148 4341 1189 4394; x_wconf 81' lang='lat'>12.</span> <span class='ocrx_word' id='word_1_350' title='bbox 1218 4341 1317 4394; x_wconf 79' lang='lat' dir='ltr'>Hister.</span> <span class='ocrx_word' id='word_1_351' title='bbox 1336 4341 1369 4391; x_wconf 80' lang='lat' dir='ltr'>V·</span> <span class='ocrx_word' id='word_1_352' title='bbox 1387 4338 1412 4392; x_wconf 82' lang='lat'>3.</span> 
     </span>
     <span class='ocr_line' id='line_1_41' title="bbox 215 4411 1412 4488; baseline -0.009 -12"><span class='ocrx_word' id='word_1_353' title='bbox 215 4420 364 4488; x_wconf 76' lang='lat' dir='ltr'>Lampridii</span> <span class='ocrx_word' id='word_1_354' title='bbox 392 4422 469 4472; x_wconf 84' lang='lat' dir='ltr'>Alex·</span> <span class='ocrx_word' id='word_1_355' title='bbox 490 4418 552 4470; x_wconf 83' lang='lat' dir='ltr'>Ser·</span> <span class='ocrx_word' id='word_1_356' title='bbox 574 4435 597 4470; x_wconf 87' lang='lat' dir='ltr'>c.</span> <span class='ocrx_word' id='word_1_357' title='bbox 610 4418 633 4470; x_wconf 92' lang='lat' dir='ltr'>l.</span> <span class='ocrx_word' id='word_1_358' title='bbox 670 4421 801 4486; x_wconf 82' lang='lat' dir='ltr'>Pompon·</span> <span class='ocrx_word' id='word_1_359' title='bbox 825 4417 906 4480; x_wconf 79' lang='lat'><strong>511·</strong></span> <span class='ocrx_word' id='word_1_360' title='bbox 926 4419 1045 4483; x_wconf 80' lang='lat' dir='ltr'>Pocttc,</span> <span class='ocrx_word' id='word_1_361' title='bbox 1064 4417 1168 4468; x_wconf 74' lang='lat' dir='ltr'>Uersus</span> <span class='ocrx_word' id='word_1_362' title='bbox 1187 4414 1236 4465; x_wconf 75' lang='lat' dir='ltr'>der</span> <span class='ocrx_word' id='word_1_363' title='bbox 1256 4411 1412 4466; x_wconf 65' lang='lat' dir='ltr'>Institutio&gt;-</span> 
     </span>
     <span class='ocr_line' id='line_1_42' title="bbox 214 4486 761 4556; baseline -0.02 -8"><span class='ocrx_word' id='word_1_364' title='bbox 214 4512 269 4548; x_wconf 69' lang='grc' dir='ltr'>παπ</span> <span class='ocrx_word' id='word_1_365' title='bbox 288 4494 308 4544; x_wconf 86' lang='lat'>1.</span> <span class='ocrx_word' id='word_1_366' title='bbox 334 4490 358 4552; x_wconf 85' lang='lat'>5·</span> <span class='ocrx_word' id='word_1_367' title='bbox 373 4486 519 4543; x_wconf 81' lang='lat'><strong>116—117.</strong></span> <span class='ocrx_word' id='word_1_368' title='bbox 562 4489 664 4556; x_wconf 76' lang='lat' dir='ltr'>Mopne</span> <span class='ocrx_word' id='word_1_369' title='bbox 683 4489 706 4549; x_wconf 88' lang='lat'>5·</span> <span class='ocrx_word' id='word_1_370' title='bbox 718 4489 761 4542; x_wconf 84' lang='grc'><strong>66.</strong></span> 
     </span>
    </p>

    <p class='ocr_par' dir='ltr' id='par_1_15' title="bbox 248 4557 569 4636">
     <span class='ocr_line' id='line_1_43' title="bbox 248 4557 569 4636; baseline -0.031 -18"><span class='ocrx_word' id='word_1_371' title='bbox 248 4562 277 4630; x_wconf 85' lang='grc'>4)</span> <span class='ocrx_word' id='word_1_372' title='bbox 293 4563 402 4636; x_wconf 33' lang='lat' dir='ltr'>“Moyses</span> <span class='ocrx_word' id='word_1_373' title='bbox 420 4561 442 4622; x_wconf 88' lang='lat'>5.</span> <span class='ocrx_word' id='word_1_374' title='bbox 454 4557 569 4634; x_wconf 81' lang='grc'><strong>71-83,</strong></span> 
     </span>
    </p>
   </div>
   <div class='ocr_carea' id='block_1_12' title="bbox 0 0 1546 4976">
    <p class='ocr_par' dir='ltr' id='par_1_16' title="bbox 0 0 1546 4976">
     <span class='ocr_line' id='line_1_44' title="bbox 0 0 1546 4976; baseline 0 0"><span class='ocrx_word' id='word_1_375' title='bbox 0 0 1546 4976; x_wconf 95' lang='lat' dir='ltr'> </span> 
     </span>
    </p>
   </div>
  </div>
 </body>
</html>
