3098 4966
210 365 264 420 lm
534 375 734 414 tusitsusiom
753 375 827 414 lum
850 375 953 414 ΙῦΙΑΙΙ
972 375 1092 414 reivers.

214 505 319 567 fructu
339 511 463 585 purtem
485 505 670 570 hereditatis
694 506 822 570 dominii
843 507 914 570 iure
935 507 993 569 lrac
1015 508 1083 587 ipsa
1103 506 1177 588 lege
1198 508 1228 567 ei
1250 505 1338 568 dedit
1360 505 1412 567 le-

207 603 393 692 gisiat0r1).

252 710 282 789 ξ.
295 705 368 772 522.
412 706 445 770 Si
457 704 537 768 nulli
548 715 622 769 sunt
633 707 852 788 ascendentes,
876 709 937 772 soli
951 713 1066 771 l'rstres
1085 714 1117 770 et
1131 725 1259 770 sorores
1273 711 1411 786 utroque

203 809 304 870 latere
316 805 465 869 defuncto
480 809 649 886 coniuncti,
671 811 745 872 item
767 809 860 874 liberi
873 827 982 872 eorum
1002 814 1172 882 uocantum
1196 813 1228 869 et
1250 807 1294 882 hi,
1311 811 1411 886 quot-

204 925 330 988 cunque
340 913 423 985 sunt,
446 914 561 970 tantam
583 927 623 972 ex
639 911 815 973 hereditate
832 918 950 992 partem
975 911 1112 1008 capiunt,
1129 914 1272 989 quantam
1292 923 1409 987 parens

209 1025 317 1072 eorum
334 1007 448 1072 luisset
463 1009 639 1088 habiturus,
662 1013 690 1074 si
710 1013 854 1074 vixisset.
898 1011 1042 1092 Denique
1058 1013 1117 1074 etsi
1131 1010 1191 1073 soli
1206 1009 1410 1071 inveniantur

212 1129 252 1173 ex
272 1109 488 1191 praedefuncto
510 1111 607 1174 fratre
629 1129 779 1195 germano
800 1113 904 1189 liberi,
939 1113 971 1174 hl
992 1113 1137 1176 omnibus
1158 1109 1228 1172 aliis
1251 1107 1409 1192 cognatis,

207 1217 348 1296 ideoque
369 1216 401 1272 et
425 1211 515 1274 fratri
538 1213 706 1292 sororique
727 1212 876 1275 defuncto
900 1230 940 1275 ex
954 1227 1017 1275 uno
1034 1215 1151 1274 tanturn
1175 1215 1306 1290 parente
1328 1221 1410 1270 cou-

132 1363 136 1372 .
205 1319 339 1393 iunctis,
372 1314 603 1397 preferuntur,
633 1315 708 1376 licet
740 1315 833 1377 tertio
865 1315 966 1397 gradu
996 1315 1059 1376 sint
1071 1313 1111 1399 ⁸).
1155 1311 1220 1374 llse
1248 1314 1350 1372 eutem
1373 1308 1407 1370 in

206 1420 315 1500 specie
337 1415 669 1478 controversissimum
690 1419 756 1476 est:
778 1420 893 1490 utrum,
915 1415 944 1476 si
968 1433 1008 1478 ex
1024 1413 1168 1494 pluribus
1184 1409 1405 1492 predelunctis

207 1517 357 1581 iratribus
380 1515 432 1577 vel
453 1513 617 1577 sororibus
638 1514 731 1576 liberi
754 1515 940 1592 succedunt,
962 1515 1118 1594 incapite
1143 1509 1302 1574 hereditas
1318 1509 1405 1571 divi-

208 1618 309 1681 denda
331 1611 382 1692 sit,
406 1634 446 1678 an
464 1616 497 1676 in
517 1613 662 1694 stirpes‘l
686 1615 817 1696 Propter
838 1617 998 1679 silentium
1021 1615 1258 1676 Iustinianiiam
1275 1630 1293 1674 a
1309 1609 1404 1672 Glos-

206 1724 345 1782 satorum
368 1716 441 1778 inde
463 1720 553 1777 etate
572 1716 604 1776 in
625 1721 790 1795 utramque
811 1722 930 1797 portem
947 1716 986 1778 de
1001 1734 1038 1778 ee
1054 1733 1091 1777 re
1104 1714 1256 1794 disputari
1269 1710 1352 1774 solet
1362 1709 1402 1795 ³).

247 1823 277 1901 ξ.
289 1817 361 1884 523.
404 1815 474 1878 Non
489 1816 697 1877 existentibus
715 1816 874 1894 iratribus,
901 1816 1107 1881 sororibusse
1121 1815 1281 1898 germanis
1295 1823 1403 1873 eorum

207 1933 379 1998 earumque
399 1914 471 1977 filiis
492 1921 545 1978 aut
566 1914 707 1993 filiabus,
730 1917 762 1978 in
785 1939 895 1980 carrio
918 1917 1029 1980 ordine
1053 1916 1091 1979 ad
1116 1913 1320 1978 hereditatem
1341 1929 1403 1974 uo-

205 2025 317 2082 centur
339 2016 453 2078 lretres
478 2017 707 2099 consanguinei
734 2023 765 2079 et
794 2020 909 2080 uterini
941 2023 972 2080 et
1000 2034 1128 2080 sorores
1158 2013 1403 2096 consanguinee

200 2127 236 2185 et
257 2120 402 2194 uterinae,
424 2119 445 2179 i.
468 2137 496 2179 e.
521 2117 634 2181 fratres
656 2123 690 2180 et
711 2135 839 2181 sorores
861 2120 915 2200 qni
936 2120 1062 2181 nonnisi
1084 2135 1147 2180 uno
1168 2120 1300 2205 parente
1322 2129 1403 2176 con-

197 2213 303 2284 iuncti
322 2224 396 2282 sunt
418 2217 566 2280 defuncto
587 2221 658 2281 sive
679 2225 877 2300 perpetrem
901 2220 969 2282 sive
989 2237 1048 2299 per
1068 2223 1208 2280 matrem.
1253 2215 1339 2277 Etsi
1362 2229 1403 2275 ex

198 2314 472 2402 il‘s'praemortuus
495 2319 577 2382 lorte
600 2319 715 2400 aliquis
747 2319 916 2400 reliquerit
945 2319 1027 2382 lilios
1036 2338 1045 2395 3
1080 2319 1112 2380 hi
1142 2315 1274 2398 perinde
1304 2320 1340 2376 ut
1367 2314 1402 2374 in

199 2435 424 2506 tgermanorum
456 2419 528 2482 liliis
557 2419 674 2482 dictum
705 2427 774 2498 est,
810 2437 880 2482 cum
907 2421 988 2484 ruite
1010 2419 1117 2506 suis*)
1143 2417 1348 2480 admittuntur
1368 2416 1403 2476 et

199 2522 335 2586 tesndem
358 2527 477 2603 partem
502 2539 541 2583 ex
571 2521 745 2584 hereditate
775 2523 951 2602 accipiunt,
984 2539 1076 2603 quam
1103 2535 1219 2600 parens
1240 2533 1347 2580 eorum
1368 2515 1400 2576 si

200 2621 336 2699 sineret,
360 2625 536 2703 accepisset
548 2621 585 2707 ⁵).
611 2617 706 2684 lid'em
729 2627 760 2684 et
778 2621 911 2703 reliquis
935 2622 1078 2704 cognatis
1099 2619 1321 2701 preferuntur,
1339 2613 1399 2676 elsi

196 2717 262 2786 ein
292 2723 375 2799 sint,
405 2725 427 2790 l.
448 2741 476 2783 e.
507 2723 535 2783 si
567 2739 629 2784 non
659 2723 752 2784 simul
783 2740 853 2784 eum
880 2729 992 2804 patruo
1014 2721 1068 2784 vel
1099 2723 1208 2795 amita,
1240 2711 1399 2780 avunculo

196 2823 254 2886 nel
278 2828 444 2884 matertere
471 2822 719 2908 appellanturss).
764 2822 832 2895 Quo
855 2823 888 2885 in
916 2841 991 2886 casu
1020 2822 1071 2884 vel
1093 2820 1258 2884 sororibus
1284 2834 1324 2880 ex
1346 2815 1399 2878 di-

196 2924 304 2984 nersis
327 2922 476 2984 fratribus
505 2922 728 3002 praedelunctis
752 2923 843 2991 liberi
864 2925 1044 3004 supersint,
1076 2923 1189 2985 iterum
1210 2919 1397 2999 disputetur,

203 3028 308 3084 utrum
330 3023 362 3083 in
385 3023 485 3103 cupita
506 3039 546 3084 an
571 3023 603 3084 in
625 3025 742 3106 stirpes
764 3023 934 3086 dividenda
958 3026 1000 3086 sit
1021 3022 1181 3085 heredites
1194 3019 1233 3104 ⁷).

237 3195 264 3266 1)
284 3201 327 3248 An
344 3198 372 3248 hi
389 3197 466 3248 liberi
485 3197 564 3248 eliam
581 3199 609 3250 in
627 3199 679 3250 hoc
698 3201 790 3254 ordine
807 3208 945 3266 vocentur,
962 3203 985 3254 si
1004 3203 1055 3268 soli
1069 3217 1129 3252 oum
1142 3198 1296 3266 parentibus
1308 3209 1396 3262 supet-

140 3304 146 3308 -
201 3269 267 3320 sint:
290 3269 397 3336 questio
417 3273 456 3318 est
475 3283 556 3336 quem
574 3273 691 3323 maxime
710 3271 794 3322 dubia
813 3279 840 3324 et
858 3279 1037 3326 controverso.
1074 3271 1118 3322 lix
1135 3271 1226 3337 legum
1246 3268 1334 3320 verbis
1352 3279 1397 3316 0⁰⁸

200 3355 255 3392 non
274 3341 390 3402 admitti,
419 3339 564 3391 dicendum
582 3347 629 3392 est.
668 3343 733 3394 Oum
757 3338 785 3394 in
804 3345 919 3396 Novella
938 3341 995 3396 118.
1015 3343 1147 3411 expressis
1165 3341 1253 3392 verbis
1279 3351 1397 3390 remors-

200 3417 288 3475 entur,
307 3413 329 3464 si
346 3417 471 3478 parentes
493 3412 619 3466 defuncto
639 3415 783 3480 supersint:
802 3421 828 3466 et
846 3417 874 3467 in
891 3417 959 3468 Nor:
979 3414 1038 3468 127.
1059 3423 1116 3468 tum
1136 3414 1243 3464 demum
1262 3409 1397 3476 sppelleu·

198 3487 250 3546 tur,
270 3483 377 3550 quando
397 3487 423 3534 ot
442 3485 537 3535 fratres
548 3485 692 3536 succedunt
703 3485 843 3539 defuncto:
862 3489 889 3538 in
906 3487 1016 3556 reliquis
1036 3486 1143 3538 casibus
1156 3482 1261 3535 exclusi
1279 3479 1398 3531 habendi

89 3595 91 3600 .
193 3559 267 3606 sunt.
286 3555 348 3605 Hoc
366 3559 393 3604 et
412 3553 510 3604 ultimis
528 3555 621 3621 cepitis
643 3555 667 3606 1.
688 3558 755 3608 Nor.
773 3559 853 3610 huius
871 3559 959 3610 serbis
970 3560 1100 3610 firmaturs
1120 3556 1168 3618 „Et
1184 3559 1214 3604 ut
1230 3553 1307 3604 brevi
1326 3551 1397 3602 dice-

198 3641 268 3686 mus,
288 3642 367 3692 quern
386 3626 476 3676 locum
493 3626 547 3678 illis
565 3625 705 3690 dedimus,
726 3629 836 3695 quando
851 3647 911 3683 cum
927 3632 1146 3698 compressisse
1163 3629 1309 3682 vocantur,
1336 3637 1397 3674 sum

201 3711 307 3764 quoque
326 3697 428 3748 hebere
446 3698 577 3760 volumus,
597 3699 705 3766 quando
725 3701 932 3766 cumfratribus
951 3702 1059 3769 quidam
1079 3697 1334 3755 exascendentibus
1351 3709 1397 3744 vo-

201 3767 318 3818 centur.l
353 3769 396 3818 De
418 3782 484 3818 casu
503 3785 556 3836 quo
574 3771 669 3822 iratres
694 3785 750 3822 non
770 3771 839 3837 sint,
867 3773 999 3825 anteriore
1016 3773 1073 3824 iure
1099 3771 1136 3822 nil
1163 3773 1309 3820 mutatum:
1335 3778 1397 3832 ergo

197 3839 317 3892 Novelle
336 3836 397 3890 118.
415 3839 492 3892 loeus
512 3845 560 3892 est.

233 3906 261 3974 2)
283 3911 350 3960 Nor.
370 3907 429 3962 118.
451 3927 473 3960 o.
494 3909 518 3962 3.
537 3912 621 3962 initio.

232 3977 261 4046 3)
280 3982 337 4031 Aac
356 3981 384 4031 in
405 3983 493 4046 capite
514 3982 688 4033 dividendam
707 3997 767 4034 esse
790 3983 968 4034 hereditatem
986 3981 1176 4035 contenderet:
1201 3977 1345 4032 Accursius
1369 3975 1399 4026 ln

202 4052 306 4118 stirpes.
342 4052 393 4103 llle
416 4053 468 4103 iuri
490 4055 573 4104 reteri
598 4054 724 4105 standum
743 4069 802 4105 esse
821 4055 938 4121 putarit,
966 4071 1026 4106 eum
1044 4053 1206 4106 Iustinisnus
1222 4051 1262 4103 nil
1278 4053 1398 4102 mutare·

197 4124 238 4174 rit
258 4124 321 4188 Arg.
342 4124 374 4173 fr.
397 4122 421 4175 2.
438 4121 463 4182 ἓ.
483 4124 508 4176 2.
525 4127 559 4175 D.
579 4121 623 4188 38,
642 4123 676 4176 16
696 4122 742 4192 (de
759 4125 814 4176 suis
831 4130 858 4178 st
876 4124 970 4192 legit).
988 4143 1012 4178 c.
1030 4122 1073 4177 14.
1091 4125 1119 4176 in
1136 4127 1154 4176 i.
1176 4119 1310 4184 (1.6,511
1343 4119 1398 4172 His

195 4210 243 4248 eos
265 4209 368 4259 semper
386 4193 414 4244 in
430 4195 519 4246 locum
535 4201 673 4262 parentum
692 4212 798 4248 suorum
817 4213 833 4247 e
851 4198 996 4250 Iustinisno
1015 4197 1119 4248 odmitti
1138 4193 1307 4248 existimarit.

231 4261 261 4329 4)
275 4267 322 4316 uta
339 4266 368 4315 in
387 4265 445 4332 ipse
466 4267 581 4318 Novella
599 4273 744 4330 nocentur,
769 4271 813 4334 qui
837 4270 919 4340 hodie
946 4273 1036 4321 casales
1062 4273 1091 4318 st
1112 4277 1203 4320 tentes
1223 4265 1362 4324 dicuntur,
1379 4275 1398 4310 a

195 4352 279 4404 greco
300 4336 386 4388 cesos.
485 4335 514 4402 5)
533 4339 600 4388 Nos.
618 4337 678 4390 118.
697 4355 720 4390 o.
739 4337 764 4389 3.

233 4407 261 4474 6)
281 4409 344 4472 Arg.
363 4407 431 4460 Nor.
450 4411 522 4460 verb.
542 4410 568 4460 in
586 4426 609 4460 e
629 4407 654 4460 3.
673 4409 733 4462 Hoc
753 4419 844 4462 cutem
857 4415 1031 4479 pesuerunt
1049 4415 1077 4462 st
1095 4423 1151 4476 seq.
1172 4412 1199 4460 et
1217 4405 1242 4466 1.
1262 4407 1286 4460 1.

234 4476 263 4544 7)
282 4479 358 4601 Idepr
376 4476 496 4532 obtinere
517 4479 612 4534 debet:
641 4480 715 4548 quod
732 4481 800 4532 inter
818 4483 915 4534 liberos
940 4483 1054 4548 plurium
1072 4484 1184 4534 risuum
1210 4493 1398 4546 mmmmm

197 4550 278 4604 stetui
298 4565 326 4603 so
340 4555 374 4602 ot.
