3064 4966
580 302 661 340 ιιιιι
680 301 724 338 ιιι.
743 302 800 341 aar.
811 300 837 340 ι.
1256 287 1311 344 265

153 436 184 516 ξ.
198 431 271 498 933.
315 432 469 515 Legitima
493 431 663 494 conventio
684 437 751 506 est,
779 448 849 510 que
872 431 946 514 lege
966 430 1074 510 aliqua
1098 432 1310 509 confirmatur,

108 539 142 596 ct
165 533 239 611 ideo
263 533 420 596 interdum
445 551 485 594 ex
506 538 598 613 pacto
619 535 702 594 actio
722 535 874 608 nascitur,
895 535 1019 613 quoties
1042 532 1117 616 lege
1140 533 1193 596 vel
1206 535 1309 598 Sena-

109 632 309 696 tuscnnsulto
330 633 499 696 adiuvatur
511 633 551 722 ¹).
595 633 673 696 lnde
689 639 853 713 pactorum
873 633 1072 712 legitimorum
1092 653 1206 698 nomen
1228 636 1310 718 apud

110 735 285 798 hodiernos
308 737 468 797 usitatum.
512 735 632 808 Quodsi
662 754 702 797 ex
728 735 873 798 Praetoris
905 735 1009 798 edicto
1040 739 1122 798 actio
1152 737 1244 799 datur
1272 755 1312 799 ex

108 838 333 912 conventione,
357 834 438 897 illud
456 838 636 915 pretorium
661 837 824 924 pactum²)
846 837 941 900 bodie
964 837 1037 914 dici,
1058 841 1119 899 iam
1132 855 1227 918 supra
1240 855 1311 900 mo-

108 953 248 998 nurmus.

153 1041 184 1119 ξ.
198 1037 273 1101 934.
315 1035 397 1098 luris
425 1039 566 1119 gentium
590 1042 819 1100 conventiones
848 1039 989 1120 quaedam
1018 1040 1159 1102 actiones
1187 1041 1313 1120 pariunt

111 1138 257 1218 quedem
280 1141 497 1220 exceptiones.
540 1139 616 1212 Quae
638 1143 764 1221 pariunt
787 1143 940 1218 actiones,
963 1143 995 1202 in
1018 1159 1077 1204 suo
1100 1143 1225 1203 nomine
1248 1160 1312 1204 non

111 1244 207 1316 stunt,
233 1239 290 1301 sed
316 1245 480 1302 transeunt
492 1240 519 1326 ³)
544 1242 575 1302 in
596 1245 758 1321 proprium
779 1261 891 1304 nomen
914 1247 1105 1318 contractus,
1128 1247 1163 1302 ut
1184 1243 1310 1322 emptio,

113 1341 268 1417 venditio,
290 1341 417 1419 locatio,
441 1341 623 1418 conductio,
645 1345 793 1418 societas,
818 1343 1060 1419 commodatum,
1083 1342 1259 1422 depositum
1281 1348 1313 1404 et

111 1443 211 1504 ceteri
231 1439 352 1504 similes
376 1427 558 1504 contractus
572 1443 612 1529 4).
648 1443 710 1506 Sed
733 1446 794 1505 etsi
816 1445 847 1504 in
863 1445 958 1506 alium
972 1449 1165 1504 contractum
1181 1459 1234 1504 res
1248 1460 1312 1504 non

110 1547 265 1618 transeat,
288 1541 390 1604 subsit
412 1548 515 1604 tamen
538 1559 644 1619 causa,
667 1542 820 1626 obligatio
833 1543 862 1630 5)
886 1562 926 1606 ex
947 1549 1110 1606 contractu
1131 1549 1191 1620 est,
1212 1543 1311 1606 veluti

109 1647 138 1706 si
161 1645 233 1724 quis
255 1643 359 1718 dedit,
388 1648 423 1703 ut
449 1643 531 1732 alter
555 1643 645 1706 daret
674 1643 727 1705 vel
757 1643 894 1720 laceret,
926 1643 1009 1724 quod
1039 1649 1129 1724 pacto
1153 1645 1311 1706 convenit.

109 1745 190 1806 ltem
213 1745 241 1806 si
265 1745 306 1805 in·
321 1743 554 1824 stipulationem
577 1743 763 1820 deducitur,
795 1763 835 1804 ex
863 1749 1027 1806 contractu
1057 1744 1210 1826 obligatio
1240 1760 1313 1805 esse

111 1845 224 1925 incipit
238 1845 278 1930 6).
661 1857 664 1862 ·

155 1949 185 2028 ξ.
210 1945 283 2012 935.
327 1945 389 2009 Sed
418 1961 488 2007 cum
518 1947 604 2008 nulla
637 1947 747 2010 subest
777 1965 888 2023 causa,
915 1952 1030 2027 praeter
1059 1946 1311 2022 conventionem,

111 2051 249 2122 constat,
272 2063 336 2108 non
356 2063 453 2126 posse
475 2048 623 2109 constitui
646 2047 881 2129 obligationem.
912 2047 1015 2129 lgitur
1037 2046 1120 2108 nuda
1133 2047 1237 2126 pactio
1251 2045 1312 2108 ob-

110 2147 297 2231 ligationem
319 2165 381 2209 non
402 2149 495 2228 parit,
519 2148 576 2210 scd
597 2150 681 2228 parit
705 2149 923 2229 exceptionem
936 2149 974 2234 ²).

155 2251 186 2330 ξ.
200 2247 272 2313 936.
317 2246 399 2319 Quin
421 2249 494 2323 imo,
517 2247 675 2310 interdum
688 2247 800 2328 format
814 2250 912 2330 ipsam
928 2249 1092 2323 actionem,
1110 2252 1155 2324 ut,
1175 2249 1206 2308 in
1222 2247 1312 2321 bone

110 2349 187 2412 fidei
208 2332 346 2412 iudiciis.
391 2347 535 2411 Solemus
558 2351 638 2411 enim
662 2350 788 2411 dicere:
811 2356 901 2430 pecta
924 2355 1080 2412 conventa
1101 2349 1207 2410 inesse
1220 2350 1311 2411 bonae

106 2451 183 2514 lidei
207 2449 333 2512 iudiciis
349 2449 389 2535 8).
435 2448 496 2511 Sed
521 2449 581 2512 boc
602 2451 657 2534 ‘sic
681 2450 896 2531 accipiendum
927 2456 992 2526 est,
1015 2455 1049 2510 ut
1071 2451 1098 2512 si
1126 2448 1253 2529 quidem
1277 2450 1309 2510 in

107 2551 285 2616 continenti
312 2554 402 2630 pacta
432 2548 602 2611 subsecuta
633 2555 724 2625 sunt,
759 2551 852 2611 etiam
880 2568 921 2612 ex
948 2555 1037 2630 parte
1069 2550 1184 2612 actoris
1214 2548 1312 2611 insint

108 2654 274 2739 (tanquam
298 2649 389 2730 leges
412 2653 621 2734 contractus).
654 2648 701 2710 Ex
723 2648 892 2712 intervallo
915 2667 992 2711 vero
1014 2667 1076 2711 non
1094 2650 1232 2726 inerunt,
1252 2667 1312 2710 nec

107 2751 273 2826 valebunt,
295 2751 323 2811 si
345 2755 478 2832 agatur3
504 2767 544 2811 ne
567 2767 607 2810 ex
627 2756 718 2830 paeto
739 2751 821 2812 actio
842 2755 989 2812 nascatur
1002 2748 1042 2836 9).
1088 2749 1311 2831 Exceptionem

109 2860 218 2916 tamen
239 2857 273 2913 et
295 2851 361 2912 baec
382 2851 485 2932 pactio
506 2835 651 2937 parit10).

153 2956 185 3036 ξ.
198 2951 271 3018 937.
315 2950 422 3014 Edixit
442 2958 546 3013 autem
569 2951 608 3013 de
629 2953 722 3014 nudis
744 2953 842 3034 pactis
864 2952 981 3016 Pretor
1003 2952 1087 3013 baec:
1119 2957 1208 3032 pacta
1232 2966 1314 3014 con-

108 3059 224 3130 venta,
249 3069 319 3132 quae
349 3069 453 3132 neque
483 3051 556 3115 dolo
579 3053 659 3115 malo
681 3071 785 3133 neque
810 3053 964 3116 adversus
993 3051 1103 3135 leges,
1133 3051 1311 3133 plebiscita,

109 3153 413 3230 Senatusconsulta,
447 3154 548 3217 edicta
577 3157 772 3236 principum,
804 3172 908 3234 neque
931 3172 994 3235 quo
1018 3153 1104 3217 lraus
1127 3155 1177 3214 cui
1204 3169 1311 3215 eorum

108 3260 175 3336 liat,
199 3257 281 3320 lacta
305 3261 408 3331 erunt,
431 3255 567 3319 servabo
578 3256 626 3336 11).

154 3358 221 3421 lloo
243 3357 347 3420 edicto
368 3355 515 3433 efficitur,
537 3362 571 3417 ut
595 3356 718 3437 quoties
736 3361 859 3434 pactum
873 3373 889 3416 a
905 3357 975 3416 iure
990 3353 1144 3416 communi
1159 3356 1311 3414 remotum

110 3465 174 3536 est,
198 3457 321 3520 servari
343 3456 403 3520 boc
426 3474 489 3520 non
512 3463 667 3538 oporteat,
690 3474 749 3518 neo
771 3456 989 3518 iusiurandum
1012 3454 1051 3517 de
1077 3471 1116 3517 co
1139 3453 1310 3535 prestitum

108 3559 151 3624 ad
174 3565 276 3621 actum
299 3558 500 3635 servandum,
525 3577 585 3620 nec
607 3558 767 3639 stipulatio
777 3557 829 3641 12).

148 3832 179 3899 1)
198 3833 346 3884 Paulusin
364 3833 395 3884 ir.
413 3831 438 3883 6.
460 3827 489 3881 D.
510 3833 536 3882 6.
555 3837 574 3884 t.

148 3902 176 3971 2)
195 3905 229 3955 V.
248 3905 390 3958 Bucblrcla
405 3905 424 3954 1.
443 3920 466 3954 o.
486 3921 511 3970 p.
532 3899 691 3956 281.-283.
711 3906 738 3954 et
756 3903 812 3954 hec
830 3901 954 3968 legitimis
971 3899 1055 3966 pactis
1073 3900 1241 3952 adnumeret.

148 3975 178 4040 3)
199 3977 251 4028 Gir.
272 3981 298 4027 et
315 3977 346 4025 fr.
365 3974 390 4026 1.
410 3973 433 4033 §-
452 3972 478 4024 4.
498 3971 528 4024 D.
550 3976 577 4025 h.
596 3979 614 4023 t.
686 3970 834 4038 4)ofr.n.
855 3971 879 4024 5.
900 3969 932 4022 D.
951 3969 1292 4040 1‚1(dsiust.etiure).

149 4043 178 4112 5)
196 4047 330 4114 Ulpianus
347 4047 375 4096 in
393 4047 424 4097 fr.
441 4042 466 4096 7.
485 4063 524 4112 pr.
543 4050 570 4097 et
584 4043 607 4104 ἓ.
626 4043 650 4096 1.
665 4043 689 4096 2.
710 4041 740 4094 D.
762 4045 788 4094 h.
807 4050 825 4094 t.
846 4046 890 4094 cfr.
910 4047 937 4095 et
956 4059 979 4094 c.
998 4042 1039 4095 lo.
1060 4044 1089 4096 6.
1109 4044 1135 4095 h.
1153 4050 1171 4096 t.

148 4115 178 4183 6)
198 4119 227 4171 (l.
248 4117 290 4169 11.
311 4117 339 4168 0.
358 4118 384 4167 h.
402 4123 420 4169 t.
441 4119 472 4167 fr.
493 4113 537 4169 45.
558 4113 589 4162 D.
609 4117 635 4166 h.
653 4120 670 4165 t.
691 4115 760 4166 Vide
780 4129 861 4182 supra
880 4114 903 4174 ἓ.
923 4112 989 4166 860.

148 4185 177 4256 7)
196 4189 330 4255 Ulpianus
347 4189 375 4238 in
392 4189 424 4240 ir.
441 4185 466 4239 7.
488 4187 511 4247 §-
530 4185 556 4238 4.
577 4184 607 4238 D.
627 4187 687 4238 sod.

149 4257 178 4326 8)
198 4263 219 4312 Ι.
237 4275 260 4312 e.
278 4259 399 4310 inbono
417 4259 482 4311 fidei
500 4258 687 4311 contractibus.
706 4273 729 4308 o.
740 4256 781 4308 13.
801 4257 830 4308 0.
849 4258 876 4308 6.
893 4262 911 4308 t.

148 4327 178 4396 9)
196 4333 239 4382 Fr.
259 4327 284 4382 7.
303 4330 325 4390 5.
344 4327 369 4382 5.
389 4330 414 4382 6.
436 4327 466 4380 D.
486 4332 511 4381 6.
528 4335 546 4381 t.
646 4326 691 4393 10)
712 4327 802 4381 o.13.
822 4328 851 4380 0.
872 4329 934 4381 bt.

131 4401 179 4470 11)
197 4401 444 4468 Interprotutionem
462 4401 543 4453 edicti
563 4401 648 4452 hebes
666 4401 694 4452 ln
712 4403 743 4452 fr.
762 4397 787 4450 7.
807 4398 830 4459 ἓ.
848 4398 952 4452 9.-16,
978 4397 1008 4452 D.
1030 4399 1056 4450 6.
1075 4406 1093 4451 t.

131 4471 177 4538 12)
195 4475 239 4527 ur.
258 4469 284 4524 7.
303 4473 325 4532 ἓ.
346 4471 387 4524 16.
412 4469 443 4523 D.
463 4474 489 4522 h.
508 4478 526 4522 t.
