3006 4966
490 347 569 386 ιιιιιι
588 347 619 385 ιι.
639 347 705 385 naar
726 347 755 386 ιι.
776 345 833 390 aar.
852 346 879 384 a.
1237 335 1288 390 201

95 445 216 544 tituitur
237 465 545 555 fideicommissario,
569 495 660 558 quam
682 483 749 540 crat
771 478 934 554 relictum,
959 477 1058 540 veluti
1081 478 1108 539 si
1129 476 1290 542 alluvione

96 601 170 666 ager
193 585 304 645 auctus
328 585 431 656 esset,
457 579 507 642 vel
530 581 622 642 etiam
646 579 748 642 insula
771 580 802 641 in
825 579 952 641 lluminc
978 584 1067 641 nata:
1083 578 1150 639 *vel
1173 580 1200 640 si
1223 582 1292 660 ipse

96 688 223 746 testator
243 687 314 761 post
334 684 551 742 testamentum
575 679 689 742 lactum
711 685 830 760 partem
851 679 986 762 aliquam
1012 677 1108 742 lando
1121 679 1235 743 adiecit
1250 681 1289 767 1).

136 802 166 882 §-
182 797 254 862 708.
297 795 396 858 Etiam
417 796 538 858 fructus
560 803 591 859 et
611 815 716 859 usurae
736 799 912 880 legatorum
925 797 953 886 ι)
977 803 1009 859 ct
1030 797 1290 860 fideicommisso-

96 917 159 962 rum
180 902 379 978 praestantur,
403 897 542 960 sednon
565 917 604 960 ex
627 898 678 960 dic
698 901 818 975 mortis,
842 917 951 961 verum
973 905 1044 980 post
1064 917 1181 962 moram
1202 917 1290 961 com-

95 1003 229 1076 missam,
254 999 275 1060 ι.
299 1017 327 1060 e.
349 1014 417 1060 cum
439 997 611 1079 postulanti
635 999 773 1081 legatum
797 1016 858 1061 non
882 999 1018 1062 solutum
1040 1001 1081 1062 sit
1092 1000 1131 1086 ³).

133 1100 267 1162 Fructus
288 1104 391 1160 autem
412 1098 569 1160 debentur
589 1117 650 1160 non
675 1097 794 1175 solum,
826 1115 905 1179 quos
930 1101 1023 1161 heres
1045 1100 1203 1180 percepit,
1234 1098 1290 1161 scd

95 1217 172 1283 quos
203 1201 374 1283 legatarius
404 1199 571 1279 percipere
603 1200 715 1280 potuit.
760 1199 794 1260 ln
824 1217 990 1262 usurarum
1022 1201 1194 1280 quantitate
1223 1216 1291 1262 mos

95 1302 235 1384 regionis
257 1306 306 1363 est
328 1299 509 1380 sequendus
523 1301 562 1385 4).
607 1299 751 1376 Fructus,
776 1301 829 1380 qui
848 1307 919 1381 post
935 1302 1122 1381 acquisitum
1137 1301 1291 1384 legatario

95 1402 262 1464 dominium
287 1402 516 1483 percipiuntur,
540 1419 648 1464 omncs
666 1401 708 1464 ad
733 1419 802 1464 cum
825 1401 1038 1490 pertineret).

133 1524 162 1601 ξ.
179 1520 250 1584 709.
294 1519 438 1598 Denique
475 1517 663 1580 admonendi
695 1536 821 1596 sumus,
859 1519 1008 1582 heredem
1044 1519 1165 1599 culpam
1201 1519 1293 1581 etiam

94 1627 243 1702 prestare
265 1620 393 1682 debere.
438 1619 477 1681 Et
497 1636 559 1681 non
582 1618 682 1681 solum
702 1619 792 1698 culpa
808 1619 881 1682 dolo
896 1622 1048 1700 proxima,
1073 1619 1289 1682 verumetiam

95 1739 162 1801 quaa
186 1719 268 1783 levis
292 1727 349 1797 est,
373 1725 540 1800 praestatur
562 1726 594 1782 et
618 1719 837 1804 diligentiori),
860 1722 888 1782 si
911 1727 1013 1783 tamen
1029 1721 1060 1784 id
1075 1725 1183 1796 totum,
1206 1719 1291 1800 quod

94 1821 234 1905 legatum
256 1820 308 1882 vel
330 1819 392 1882 alio
418 1819 509 1882 modo
531 1819 593 1880 sibi
617 1819 763 1882 relictum
787 1828 852 1898 est,
883 1827 1033 1902 prestare
1064 1823 1134 1902 quis
1159 1826 1290 1902 rogatas

94 1922 142 1999 sit,
167 1919 261 1984 dolus
285 1921 384 1984 malus
406 1921 556 1982 duntaxat
581 1921 756 2003 exigendus
780 1928 838 1999 cst,
863 1941 932 1984 cum
954 1923 1074 1984 nullum
1097 1921 1292 1985 commodum

94 2041 132 2085 ex
154 2023 263 2104 legato
285 2021 446 2104 habenti).
490 2021 666 2084 Periculum
696 2024 744 2084 rci
773 2041 850 2087 vero
876 2025 969 2087 lieres
996 2042 1058 2086 non
1081 2029 1208 2104 praestat
1231 2023 1293 2085 nisi

94 2122 125 2184 in
149 2129 238 2185 mora
261 2139 333 2184 csse
358 2123 537 2204 coeperint).

134 2239 251 2320 §.ilo
295 2239 412 2302 Praetor
441 2243 562 2322 putavit
593 2243 771 2325 legatorum
801 2245 926 2305 nominc
959 2241 1105 2304 satisdari
1134 2245 1294 2322 oportere,

94 2345 126 2400 ut
143 2340 261 2420 quibus
285 2346 416 2404 testator
440 2341 507 2404 dari
528 2343 638 2406 fierive
664 2345 811 2420 volucrit,
835 2343 1016 2405 hisdiebus
1040 2341 1133 2404 detur
1149 2341 1200 2404 vel
1223 2340 1292 2402 fiat:

93 2440 265 2522 dolumque
285 2440 399 2503 malum
421 2443 600 2506 abluturum
624 2443 866 2532 stipulantur9).
912 2443 1027 2506 Locum
1050 2443 1143 2505 lnabct
1157 2443 1223 2503 haec
1239 2459 1294 2502 sa-

92 2541 218 2604 tisdatio
247 2541 278 2602 in
308 2542 423 2625 legatis
449 2549 479 2604 ct
502 2545 750 2623 fideicommissis
781 2563 820 2606 cx
850 2545 901 2606 dic
932 2543 984 2606 vel
1016 2543 1074 2604 sub
1109 2541 1291 2604 conditione

93 2641 228 2718 relictis,
254 2659 323 2722 quae
337 2642 463 2706 scilicet
484 2644 689 2726 probabiliter
705 2646 924 2727 debentur1⁰):
949 2661 1054 2724 neque
1076 2660 1153 2706 vcro
1175 2643 1207 2702 in
1230 2655 1292 2722 pn-

92 2731 146 2819 r'is,
171 2743 235 2804 nisi
258 2745 418 2823 praestatio
441 2763 548 2808 corum
570 2764 685 2808 moram
702 2745 855 2826 quandam
872 2747 1041 2820 contineat,
1067 2750 1097 2805 et
1112 2761 1152 2804 ne
1168 2741 1295 2824 quidem

94 2849 157 2904 tum
180 2846 210 2907 si
236 2851 355 2907 certum
377 2847 438 2922 sit,
463 2845 568 2929 legato
590 2847 642 2908 vcl
664 2845 903 2910 fideicommisso
925 2847 1028 2908 locum
1051 2863 1113 2907 non
1136 2861 1218 2905 csse.
1264 2843 1296 2906 Si

94 2943 188 3006 heres
212 2944 297 3007 dicto
321 2945 412 3008 modo
436 2963 497 3008 non
520 2955 641 3024 caveat,
666 2965 770 3028 neque
793 2966 849 3028 per
871 2947 1041 3030 legatarios
1067 2951 1146 3022 stet,
1170 2946 1294 3026 quomi-

92 3061 149 3105 nus
162 3052 324 3123 caveatur,
333 3047 497 3108 mittuntur
508 3047 538 3110 hi
553 3049 583 3109 in
591 3050 833 3136 possessionem
847 3047 1028 3111 hereditatis
1038 3048 1088 3130 11):
1105 3047 1129 3108 si
1143 3045 1197 3108 ille
1213 3047 1293 3108 intra
1393 3065 1396 3071 ·

91 3187 293 3200 ——n-no

126 3290 154 3359 1)
172 3294 218 3346 Fr.
242 3293 283 3346 16.
307 3291 336 3345 D.
355 3292 398 3348 32
416 3297 447 3346 ιι.
469 3294 510 3348 24.
530 3293 553 3356 5.
569 3251 596 3346 2.
618 3291 701 3349 ὓ.30.
739 3297 872 3364 Exempla
890 3298 1038 3364 legatorum
1053 3300 1192 3346 auctorum
1211 3293 1295 3344 multa

92 3366 248 3417 exstantia
266 3369 297 3418 ιι.
318 3364 359 3417 10.
378 3365 420 3419 39.
442 3365 472 3418 1).
491 3365 534 3419 31.
554 3369 584 3418 ιι.
605 3367 647 3420 21.
667 3363 697 3418 D.
719 3368 761 3421 30
780 3370 812 3419 ιι.
823 3365 865 3421 65.
886 3365 969 3420 D.31.
989 3371 1020 3419 ιι.
1041 3365 1083 3420 14.
1104 3364 1134 3417 D.
1148 3361 1191 3426 34,
1210 3361 1296 3427 2016

92 3451 157 3488 auro
177 3435 311 3506 argento).
330 3438 353 3498 5
371 3434 414 3488 18.
433 3437 475 3490 20.
494 3442 515 3491 Ι
534 3437 560 3501 2,
578 3437 614 3490 20
633 3437 682 3504 (tit.
702 3437 766 3505 cit..)

124 3505 153 3573 2)
175 3508 334 3562 Secundum
354 3509 450 3562 Galum
469 3511 733 3563 fideicommissorum
751 3513 853 3564 fructus
877 3516 903 3562 ct
929 3525 1014 3562 usurae
1036 3524 1072 3560 ex
1093 3521 1169 3556 mora
1189 3507 1295 3570 preate-

91 3579 189 3633 bantur
207 3596 297 3648 neque
315 3596 378 3632 vero
398 3582 554 3648 legatorum.
576 3583 597 3632 I.
616 3581 640 3634 2.
661 3582 683 3642 5.
694 3579 755 3636 280
792 3585 823 3636 Ιιι
842 3583 899 3635 ιοιο
917 3585 1007 3649 legato
1027 3581 1139 3632 sinenda·
1156 3577 1237 3629 modo
1255 3589 1296 3628 re-

92 3649 154 3702 licto
177 3653 357 3704 debebantur.

126 3719 154 3788 3)
175 3726 221 3776 Fr.
241 3721 267 3775 3.
287 3741 326 3790 pr.
351 3719 381 3776 D.
401 3719 444 3786 22,
464 3721 478 3774 1
500 3721 547 3788 (de
568 3720 676 3788 usuris).
693 3727 725 3776 ιι.
747 3724 789 3776 26.
812 3723 842 3776 l).
860 3723 903 3776 32.
939 3725 1042 3776 Paulus
1058 3736 1111 3772 reo.
1131 3725 1197 3772 sent.
1213 3719 1258 3770 Vl.
1270 3715 1295 3772 8.

92 3789 114 3848 §-
131 3792 158 3844 4.
176 3799 210 3848 ιι.
231 3791 274 3846 78.
302 3794 324 3854 5.
344 3794 369 3846 2.
387 3791 418 3844 D.
439 3792 481 3846 31.
519 3795 671 3846 Secundum
692 3813 715 3848 o.
739 3795 762 3848 1.
782 3801 809 3848 at
825 3796 851 3849 4.
880 3797 909 3848 0.
928 3793 992 3860 6,4
1015 3793 1063 3859 (de
1084 3793 1169 3844 usuris
1189 3793 1296 3843 sllruo-

93 3862 572 3998 054103.ιοὲιιιᾶέιιοιιιὸιι.)ἐὸιοιιιιιιι
593 3861 628 3919 e'x
639 3872 757 3935 tempore
778 3869 831 3921 litis
847 3873 1000 3920 contestata
1009 3881 1094 3918 usurae
1106 3865 1243 3917 debentur.

144 3937 154 4004 )
174 3943 220 3992 Fr.
259 3938 284 3991 9.
318 3977 323 3988 .
345 3938 368 3990 1.
414 3976 420 3989 .
477 3977 482 3988 .

125 4005 840 4075 0214211221(ιιι.οιι.)οιιι.ιιο.ι.2.
864 4007 957 4062 neo.

124 4078 152 4146 6)
171 4085 217 4138 Fr.
237 4077 281 4131 47.
301 4080 325 4140 5.
345 4082 370 4134 4.
390 4078 414 4133 5.
437 4077 467 4130 D.
487 4079 531 4131 30.
547 4082 579 4132 ιι.
600 4078 658 4131 108.
677 4079 700 4140 5.
722 4081 764 4133 12.
784 4082 844 4133 eod.

124 4149 153 4218 7)
172 4156 218 4205 Fr.
239 4150 299 4204 108.
318 4153 341 4212 5.
362 4153 403 4205 12.
425 4153 466 4202 cit.
485 4155 516 4204 ιι.
536 4149 578 4202 22.
599 4149 621 4209 5.
640 4149 665 4202 3.
688 4151 779 4216 uae,
798 4152 812 4204 1
832 4151 882 4215 (ad
901 4153 950 4206 SC.
970 4147 1071 4216 Troo).

125 4221 152 4290 8)
172 4226 217 4276 Fr.
240 4221 282 4276 39.
302 4223 325 4283 5.
346 4223 369 4276 1.
387 4225 419 4277 ιι.
437 4220 481 4274 47.
501 4223 555 4284 56.
570 4225 601 4276 ιι.
611 4221 670 4274 108.
691 4223 767 4286 511.
789 4221 819 4275 D.
838 4223 881 4277 30.
902 4242 923 4277 c.
932 4223 956 4276 3.
980 4224 1008 4276 O.
1029 4218 1054 4286 7,
1075 4216 1111 4274 47
1131 4218 1177 4287 (de
1188 4215 1294 4281 usuris).

125 4294 153 4361 9)
171 4296 267 4348 Verba
284 4295 347 4363 Ulp.
365 4296 394 4348 ln
411 4296 442 4346 ιι.
465 4292 489 4346 1.
508 4312 548 4363 pr.
569 4291 598 4347 t).
617 4296 644 4345 h.
664 4301 683 4348 t.

111 4365 156 4432 10)
173 4370 219 4419 Fr.
240 4365 265 4418 1.
280 4385 319 4434 pr.
338 4370 369 4418 ιι.
389 4363 413 4418 5.
436 4364 460 4424 5.
478 4365 503 4417 2.
521 4368 553 4417 ιι.
573 4364 614 4418 14.
632 4383 672 4432 pr.
692 4365 715 4426 5.
736 4365 760 4417 1.
781 4361 811 4416 D.
828 4366 855 4418 h.
874 4373 892 4418 t.

107 4437 151 4504 11)
168 4435 204 4490 D.
223 4437 268 4502 36,
286 4436 305 4488 4
323 4435 372 4504 (ut.
397 4437 426 4490 ιιι
447 4437 644 4504 possessionem
666 4440 748 4505 legat.
773 4452 821 4490 eeu
847 4437 1007 4490 fidelecmm.
1031 4447 1100 4486 seru.
1128 4444 1211 4482 causa
1235 4441 1294 4482 asae

91 4506 203 4577 liceat),
221 4510 369 4582 praesertim
388 4510 420 4562 ιι.
440 4507 465 4561 5.
483 4509 510 4560 h.
526 4514 545 4560 ι.
