3098 4966
515 377 518 384 ,
537 335 617 374 uren
632 337 664 376 rr.
682 337 749 374 rans
761 339 792 376 rr.
813 337 874 376 etr.
887 339 930 379 nr.
1277 331 1330 386 toa

172 469 288 552 §.596
331 469 432 531 liuius
456 471 561 528 autem
582 465 732 547 legitimae
754 467 850 545 partis
873 467 1029 546 quantitas
1052 468 1226 532 secundum
1253 469 1327 532 lus-

102 572 241 642 ·tiniani
264 568 430 642 Novellam
451 567 504 628 uel
533 567 624 628 tertie
648 565 701 627 vel
727 566 854 629 dimidia
888 569 958 630 eius
985 569 1139 649 portionis
1166 587 1238 649 pars
1269 577 1328 647 cst,

127 689 222 751 quam
243 670 291 734 he
312 685 457 751 persone
468 669 678 748 accepissent,
701 669 729 730 si
751 667 901 731 deiuncto
922 669 960 731 at
984 671 1132 733 intestato
1150 673 1330 734 successis-

126 777 221 845 sent3
245 771 337 832 tertia
358 767 484 848 quidem
506 785 579 846 pars
603 773 663 842 est,
684 768 713 830 si
737 767 775 828 ab
799 769 948 831 intestato
980 770 1187 834 succedentes
1214 771 1267 834 vel
1290 791 1330 836 ex

128 887 205 936 asse
227 871 280 934 vel
302 871 436 934 semisse
456 867 508 930 vel
531 869 645 930 triente
659 868 794 930 heredes
811 869 910 930 iuturi
924 870 1077 945 luissent3
1101 871 1227 934 dimidia
1240 892 1331 952 vero,

127 972 256 1053 quando
288 971 441 1034 minorem
480 970 577 1032 totius
610 969 795 1030 hereditatis
830 976 950 1050 partem
986 972 1200 1052 accepissent,
1240 992 1331 1054 quam

128 1074 329 1158 quartam1.)

173 1179 203 1256 5
217 1173 310 1241 596
334 1171 487 1253 Legitima
507 1171 612 1250 portio
631 1187 694 1232 non
714 1171 806 1232 simul
826 1171 970 1232 omnibus
993 1172 1042 1232 his
1065 1174 1211 1252 personis
1229 1174 1331 1238 debc-

125 1282 199 1350 tur3
224 1275 280 1336 sed
305 1272 441 1354 singule
462 1289 502 1334 eo
525 1271 648 1348 ordine,
671 1288 734 1351 qno
755 1271 794 1332 ad
810 1272 951 1334 eiusdem
967 1271 1107 1336 defuncti
1124 1273 1329 1339 hereditatem

126 1376 169 1440 eh
190 1377 536 1447 intestatolvooantur,
564 1391 630 1434 eam
659 1379 771 1452 petere
800 1378 949 1451 possunt3
982 1374 1124 1452 quamvis
1154 1377 1236 1438 eninr
1266 1395 1329 1440 non

126 1475 270 1552 cundici,
296 1475 350 1554 qui
374 1474 412 1538 ab
434 1475 582 1534 intestato
605 1473 779 1534 succedere
804 1473 954 1534 defuncto
976 1479 1092 1552 potest,
1115 1477 1219 1554 portio
1242 1478 1330 1560 legi-

126 1578 201 1641 tima
226 1575 397 1649 debeatur,
420 1590 578 1653 nunquam
600 1579 702 1636 tamen
724 1593 790 1636 eam
813 1575 975 1653 postulare
996 1579 1116 1654 potest,
1140 1580 1193 1656 qui
1216 1579 1254 1640 ab
1276 1581 1331 1641 in·-

127 1682 245 1748 testato
265 1675 414 1738 defuncto
437 1676 578 1736 testatori
601 1675 760 1756 legitimus
783 1677 878 1738 heres
897 1693 960 1738 non
983 1676 1097 1738 luisset
1110 1677 1150 1762 2).

171 1777 289 1860 5591.
331 1775 364 1838 Si
391 1776 560 1854 quaeritur:
595 1794 633 1838 an
663 1776 767 1838 debita
804 1777 960 1855 quantitas
992 1777 1141 1859 legitime
1175 1780 1330 1858 portionis

126 1875 239 1940 relicta
264 1877 315 1952 sit,
336 1876 554 1954 patrimonium
577 1874 718 1936 defuncti
743 1877 850 1937 mortis
867 1882 1008 1956 tempore
1024 1878 1201 1957 inspicitur,
1224 1884 1255 1940 et
1270 1879 1330 1942 de-

127 1976 232 2040 ductis
256 1975 378 2036 funeris
399 1976 550 2055 impensis
576 1981 608 2036 et
631 1991 693 2036 ere
715 1976 821 2037 alieno
847 1977 879 2036 in
902 1977 993 2038 bonis
1015 1984 1213 2058 computatur
1234 1979 1330 2059 quid-

20 2143 21 2146 ,
126 2075 205 2156 quid
227 2081 360 2166 testator
381 2074 522 2154 reliquit.
578 2074 685 2138 Omnia
708 2077 824 2158 igitur,
850 2094 920 2156 que
943 2077 996 2139 vel
1024 2077 1208 2140 hereditatis
1237 2079 1330 2143 titulo

125 2176 182 2240 uel
206 2176 383 2258 legatorum
405 2180 458 2237 aut
480 2175 789 2238 fideicommissorum
811 2178 935 2240 nomine
958 2177 1029 2238 aliis
1052 2177 1193 2257 reliquit,
1217 2181 1248 2240 in
1268 2180 1330 2242 he·-

126 2278 263 2344 reditate
285 2281 491 2338 numerantur
502 2277 540 2366 ³).
586 2276 662 2338 ltem
679 2284 710 2340 et
727 2279 910 2341 inofficiose
923 2279 1118 2356 donationes,
1141 2282 1329 2343 interrivos

125 2382 161 2442 in
183 2377 264 2440 alios
286 2376 421 2453 collatae,
444 2378 477 2438 in
499 2377 674 2440 hereditate
698 2379 1016 2460 comprehenduntur,
1041 2386 1073 2441 et
1092 2380 1328 2458 rescinduntur,

126 2479 254 2560 quoties
273 2478 447 2540 substantia
473 2481 617 2540 testantis
641 2497 699 2558 per
721 2499 773 2542 eas
797 2482 923 2542 nimium
946 2481 1094 2544 diminuta
1117 2480 1263 2566 luerit4).

171 2579 286 2661 §.696
330 2575 537 2640 Numeraridae
559 2585 661 2641 autern
683 2587 757 2642 sunt
777 2599 885 2643 omnes
904 2598 1049 2661 personae
1070 2601 1088 2643 a
1109 2580 1257 2643 defuncto
1273 2599 1329 2642 re-

127 2680 222 2755 11515,
246 2696 325 2758 quae,
348 2681 374 2740 si
395 2684 614 2742 testamentum
636 2680 749 2742 iactum
772 2699 835 2742 non
852 2681 975 2758 luisset,
1001 2683 1030 2742 ei
1046 2681 1178 2764 legitimi
1192 2678 1327 2742 heredes

127 2779 228 2842 futuri
248 2785 367 2856 essent,
390 2780 469 2842 adeo
490 2780 626 2860 quidem,
650 2788 684 2842 ut
704 2788 735 2844 et
751 2783 933 2846 exheredati
949 2781 1001 2845 vel
1015 2785 1232 2846 renunciantis
1248 2781 1327 2863 per-

126 2894 205 2943 sona
229 2880 552 2968 55555155155111).

163 3021 190 3088 1)
212 3023 278 3073 Nor.
299 3021 340 3073 18.
358 3037 381 3072 o.
400 3021 425 3072 1.
464 3019 523 3082 Quo
547 3022 575 3072 in
593 3037 658 3074 casu
680 3026 804 3088 legitimo
828 3025 872 3076 rel
892 3025 970 3076 tertia
988 3027 1033 3078 rel
1051 3025 1176 3087 dimidia,
1196 3027 1231 3076 ab
1249 3025 1328 3076 intes-

126 3101 185 3148 tato
203 3094 332 3160 portionis
348 3109 411 3159 pars
428 3093 471 3156 eit,
493 3093 652 3159 disputetur.
689 3095 814 3160 Vulgaris
834 3101 861 3148 et
879 3099 1025 3150 communis
1044 3099 1134 3166 opinio
1152 3099 1209 3148 hec
1226 3103 1282 3160 est3
1299 3095 1329 3148 id

127 3183 176 3234 pro
201 3181 310 3216 numero
335 3179 509 3232 personarum
537 3165 735 3216 succedentium
758 3167 878 3230 variare3
906 3169 987 3220 veluti
1006 3169 1028 3220 si
1047 3170 1178 3220 velumus
1197 3169 1242 3218 rel
1263 3169 1329 3229 duo,

126 3237 173 3289 vel
189 3241 252 3298 tres,
265 3237 314 3287 'vel
335 3241 449 3303 quatuor
468 3237 651 3298 succederent,
670 3240 734 3286 tune
752 3239 856 3288 tertiam
874 3245 976 3304 partem
997 3241 1129 3302 dandam,
1149 3241 1250 3291 sivero
1270 3239 1329 3304 plu-

126 3325 181 3372 res,
200 3307 346 3358 dimidiam.
383 3307 478 3373 Neque
496 3309 518 3358 si
538 3307 575 3358 ad
592 3309 675 3358 verba
695 3309 889 3360 constitutionis
907 3311 1046 3362 Iustiniani
1054 3315 1156 3362 tantum
1167 3317 1329 3376 spectamus,

127 3396 172 3432 res
190 3380 268 3430 eliter
287 3378 439 3429 definienda
460 3383 507 3430 est.
533 3379 598 3430 Cum
617 3395 681 3429 vero
701 3393 737 3428 ex
755 3381 807 3429 hac
823 3381 1040 3447 interpretatione
1061 3383 1179 3448 plurime
1197 3382 1224 3432 in
1244 3381 1328 3432 diver-

127 3453 164 3502 sis
183 3450 371 3518 questionibus
390 3449 516 3500 eruendis
538 3449 710 3500 difficultates
728 3457 888 3514 nascentum
906 3469 977 3503 novo
995 3455 1136 3520 explicatio
1156 3469 1173 3503 e
1189 3452 1250 3502 Icto
1272 3468 1327 3517 ger·
1373 3473 1377 3493 r

125 3524 234 3574 manico
254 3523 417 3580 5555555555
434 3521 579 3586 proposita,
599 3521 634 3570 ab
654 3521 778 3573 omnibus
789 3524 843 3573 iere
852 3523 1040 3591 interpretibus
1052 3531 1168 3592 recepta,
1191 3522 1330 3591 sequenda

126 3594 246 3644 ridetur·
266 3607 362 3658 nempe
380 3597 442 3642 tunc
459 3592 563 3642 tertiam
582 3597 684 3658 partem
703 3593 737 3644 ab
755 3594 879 3646 intestato
898 3597 1027 3662 portionis
1039 3596 1242 3665 relinquendam
1262 3610 1329 3657 essa,

128 3681 190 3716 cum
212 3663 387 3714 succedentes
405 3663 449 3712 rel
473 3679 508 3713 ex
527 3678 596 3724 esee,
616 3663 659 3713 rel
679 3665 795 3728 semisse,
812 3668 856 3716 vel
875 3668 1033 3734 quadrante,
1054 3630 1329 3720 veltrienteheredes'
1430 3663 1434 3678 '

126 3735 192 3786 iacti
213 3740 309 3796 essent,
329 3733 465 3784 dimidiam
483 3749 556 3797 vero,
575 3735 678 3800 quoties
696 3735 824 3786 minorem
842 3739 923 3790 totius
942 3739 1098 3790 hereditatis
1117 3744 1230 3806 partem,
1249 3753 1329 3805 quam

127 3805 530 3872 quartam,habituriluiseent.
567 3807 828 3858 Iustinianusunum
847 3815 950 3860 tantum
969 3812 1107 3862 cacumin
1126 3811 1327 3874 montehabuit,

128 3893 190 3926 oum
210 3877 351 3927 Nouellem
371 3875 413 3928 18.
433 3891 455 3926 c.
477 3876 499 3926 1.
520 3877 682 3942 conciperet,
710 3878 737 3928 in
764 3895 817 3945 quo
842 3897 890 3946 pro
910 3897 1084 3946 personarum
1112 3898 1221 3934 numero
1240 3887 1329 3947 partes

128 3949 238 3998 fiebant.
258 3948 323 3998 Rem
342 3947 445 4012 plenius
465 3947 776 4012 explicuitScltoemonar,
795 3950 953 4005 Handtuclt
974 3956 1200 4006 arscennene
1221 3953 1328 4004 tomll.

127 4037 153 4085 p.
162 4015 278 4070 75-83.
298 4017 425 4070 Partes
402 4033 459 4070 erue
470 4019 597 4070 sustinent
605 4020 730 4070 Francis
744 4021 762 4070 l
772 4037 793 4070 o.
803 4020 985 4086 pwaoo-tao
1001 4031 1060 4078 etc.
1073 4022 1256 4090 Vonqerow6
1266 4020 1328 4076 475.

132 4084 193 4152 2)
213 4089 387 4153 1155153515
408 4095 485 4140 extra
506 4092 712 4144 controversiam
730 4093 817 4155 posite
835 4109 890 4144 non
909 4100 956 4146 est.
977 4097 1008 4148 ir.
1028 4095 1053 4148 6.
1072 4095 1095 4154 5.
1116 4095 1140 4148 1.
1158 4099 1176 4147 1.
1198 4093 1240 4148 25.
1260 4094 1284 4154 5.
1302 4094 1327 4149 1.

126 4163 160 4216 Ι),
181 4161 207 4208 h.
226 4165 244 4210 t,
280 4160 468 4212 Exheredatus
486 4161 529 4218 rel
546 4162 691 4226 praeteritus
711 4162 762 4212 dici
780 4167 851 4214 oerte
875 4180 930 4216 non
948 4168 1061 4232 potest
1055 4184 1092 4232 rs,
1118 4167 1164 4236 qui
1181 4168 1260 4220 heres
1280 4167 1328 4220 de·

127 4233 222 4283 iuncto
214 4245 378 4350 Fnunquam
395 4234 485 4284 iactus
503 4236 581 4284 esset.

163 4297 740 4366 3)1e.......8§9nute..oc.eoo.

147 4367 192 4437 4)
212 4372 279 4424 Cod.
297 4371 323 4435 3,
342 4371 376 4426 29
397 4369 444 4435 (de
462 4373 615 4426 inofficiosis
637 4371 847 4439 donationibus).
866 4375 933 4428 Nor.
952 4376 994 4430 91.
1014 4393 1037 4428 5.
1059 4377 1084 4430 1.

165 4439 257 4505 5511.
275 4443 300 4496 8.
322 4443 344 4503 5.
366 4441 391 4497 8.
410 4445 444 4496 D.
463 4445 490 4496 h.
508 4450 526 4495 t.
563 4445 631 4496 Inde
651 4443 758 4496 dieitur:
785 4446 967 4502 exheredatus
985 4463 1124 4502 numerum
1142 4449 1208 4502 iacit
1227 4449 1263 4500 ad
1281 4450 1328 4502 mi-

133 4513 272 4566 nuendam
290 4515 445 4580 legitimam.
483 4515 609 4572 Francis
626 4516 645 4570 l.
665 4531 689 4572 ο.
705 4533 731 4582 p.
748 4513 898 4574 212-216.
