3064 4966
541 343 622 381 traso
633 344 663 386 rr.
681 343 749 382 runs
759 345 790 386 u.
811 343 870 384 cnr.
884 345 921 392 rr,
1280 333 1334 390 185

131 472 166 537 Si
185 489 244 554 per
266 472 442 536 cautionem
466 470 594 536 collatio
616 472 696 536 lacta
718 479 778 553 est,
801 475 965 538 commissa
989 473 1194 556 stipulatione
1215 493 1256 538 ex
1273 478 1334 539 sti-

131 574 242 654 pulatu
264 575 346 638 actio
369 575 516 655 competit
528 574 565 661 ι).

174 675 289 757 5657.
334 675 445 740 Cessat
467 693 546 738 vero
570 676 755 740 conterendi
777 679 971 740 necessitas:
1001 679 1029 740 si
1056 697 1109 742 res
1131 680 1331 743 conterendae

56 797 63 808 ·
132 791 209 844 casu
230 777 401 856 perierint,
424 777 451 838 si
475 775 603 838 collatio
628 778 790 857 speciatim
814 779 945 840 remissa
970 780 1029 857 sit,
1053 785 1107 842 aut
1128 781 1155 842 si
1178 780 1272 842 heres
1294 779 1333 842 ab

132 881 309 945 hereditate
331 878 531 956 abstinuerit,
555 897 664 940 eamve
687 879 904 959 repudiaverit
916 879 956 966 ²).

320 1025 324 1030 ’
415 1065 484 1119 urr.
503 1067 550 1119 rr.
585 1067 635 1118 nu
653 1066 739 1141 runa
761 1066 1054 1135 uocassenum').

176 1209 207 1288 ξ.
220 1203 292 1272 658.
335 1201 369 1264 Si
389 1217 470 1264 unus
491 1199 693 1282 expluribus
716 1200 888 1264 herodibus
911 1201 1046 1279 deficiat,
1068 1208 1121 1266 aut
1134 1203 1219 1284 quod
1236 1204 1333 1266 here-

133 1306 261 1368 ditatem
285 1305 399 1380 omisit,
422 1309 476 1365 aut
498 1305 582 1384 quod
604 1309 675 1366 aute
698 1321 764 1365 eam
787 1303 898 1365 aditam
915 1303 1068 1380 mortuus,
1090 1305 1201 1366 eiusve
1221 1306 1334 1385 acqui-

132 1405 241 1470 rendae
264 1407 395 1486 incapax
419 1403 520 1468 sactus
543 1411 602 1480 est,
626 1404 809 1466 hereditatis
831 1421 916 1484 pam,
940 1421 1030 1484 quam
1043 1407 1230 1486 accepisset,
1251 1405 1333 1468 reli-

133 1509 205 1588 quis
228 1506 470 1570 successoribus
490 1507 676 1586 acquiritur.
721 1505 892 1570 Cumanim
905 1506 1023 1588 singuli
1040 1507 1176 1569 heredes
1192 1512 1333 1573 intutam

132 1607 338 1670 hereditatem
360 1611 526 1682 vocentur,
548 1624 608 1668 nec
630 1608 691 1669 nisi
710 1605 848 1686 plurium
867 1624 1025 1669 concursu
1043 1614 1148 1688 partes
1163 1609 1248 1687 liant,
1272 1629 1333 1672 ne-

133 1708 274 1771 cessario
298 1706 444 1782 efficitur,
470 1712 504 1768 ut
524 1707 626 1769 altero
648 1725 757 1769 eorum
779 1706 956 1784 deficiente,
981 1707 1113 1787 reliquis
1133 1711 1178 1772 nil
1200 1711 1334 1774 decres-

133 1813 184 1872 cat
192 1826 202 1883 3
225 1807 362 1886 ideoque
384 1789 498 1887 plures'
515 1806 734 1868 iurisconsulti
755 1808 815 1870 hoc
835 1810 884 1870 ius
906 1808 1113 1872 adcrescendi
1135 1813 1333 1875 nonimme-

131 1911 193 1971 rito
215 1908 265 1968 ios
286 1924 349 1969 non
371 1907 579 1970 decrescendi
600 1907 851 1988 appellaverunt.

175 2012 206 2090 §-
219 2007 291 2074 669.
335 2006 531 2070 Caducorum
554 2009 635 2085 iure,
657 2026 720 2088 quo
742 2009 821 2071 illud
842 2009 916 2073 olim
937 2026 1020 2092 saepe
1034 2010 1261 2091 impediebatur
1272 2029 1334 2074 no-

132 2111 262 2178 vissime
285 2106 428 2185 sublato,
461 2109 511 2170 ius
544 2107 749 2171 adcrescendi
782 2111 925 2172 omnibus
957 2111 1174 2192 cuiuscunque
1203 2115 1334 2195 generis

131 2211 302 2275 heredibus
324 2211 484 2291 competit,
509 2215 569 2272 tam
594 2209 760 2294 legitimis,
784 2229 876 2292 quam
899 2213 1160 2289 testamentariis,
1187 2231 1246 2275 nec
1270 2231 1332 2276 nen

130 2314 285 2376 bonorum
306 2309 547 2393 possessoribus
560 2311 601 2396 ⁴).
646 2313 776 2393 Semper
800 2315 880 2376 enim
904 2313 1015 2376 heredi
1034 2313 1241 2377 hereditatem
1255 2331 1332 2378 sus-

131 2413 259 2494 cipienti
286 2411 497 2475 deficientium
530 2413 721 2476 coheredum
750 2420 856 2494 partes
885 2415 1103 2495 acquiruntur.
1149 2414 1208 2488 Oui
1237 2416 1269 2477 in
1295 2435 1332 2478 rc

129 2519 216 2577 certa
247 2515 409 2576 institutus
438 2519 504 2590 est,
537 2515 607 2576 iure
630 2515 836 2578 adcrescendi
863 2522 927 2577 tum
950 2515 1072 2577 demum
1095 2514 1227 2591 fruitur,
1262 2533 1332 2578 cum

109 2614 217 2677 solus
238 2615 334 2677 heres
354 2633 394 2677 ex
416 2620 603 2678 testamento
624 2621 786 2696 superest3
811 2617 839 2678 si
862 2618 944 2678 enim
966 2615 1075 2697 plures
1091 2615 1215 2691 adsunt,
1239 2614 1332 2698 lega-

130 2718 203 2778 tarii
225 2715 296 2778 loco
321 2715 453 2778 habetur
467 2716 506 2804 ⁶).
1133 2725 1136 2732 ·

172 2819 203 2899 §-
216 2816 288 2881 660.
331 2816 500 2880 Aderescit
528 2825 601 2898 pars
629 2835 746 2880 vacans
772 2817 983 2881 coheredibus
1006 2819 1074 2899 ipso
1102 2819 1192 2896 iure,
1228 2820 1331 2899 iisque

128 2917 350 3002 ignorantibus
372 2917 464 2994 adeo,
487 2919 579 2981 imrno
601 2919 709 2980 invitis
721 2938 730 2994 3
755 2936 825 2981 cum
847 2920 929 2982 enim
950 2919 1155 2982 hereditatem
1168 2936 1226 3000 pro
1241 2925 1331 3000 parte

128 3018 217 3081 adire
243 3023 275 3080 et
298 3035 356 3098 pro
378 3023 468 3099 parte
491 3034 645 3100 respuere
667 3038 730 3080 non
761 3020 873 3097 liceat,
906 3025 1026 3101 partem
1057 3020 1240 3083 hereditatis
1268 3022 1330 3084 iam

128 3117 233 3194 aditae,
257 3135 320 3179 non
343 3117 591 3196 decrescentem,
612 3121 781 3200 repudiare
800 3139 863 3183 nou
880 3121 1064 3207 possuntt).
1100 3120 1246 3184 Ceterum
1261 3123 1331 3184 sin-

27 3237 34 3246 ·
128 3217 215 3303 gulis
238 3235 295 3298 pro
318 3219 460 3298 partibus
488 3219 687 3283 hereditariis
710 3239 809 3282 vacua
834 3222 937 3303 portio
965 3227 997 3284 et
1024 3239 1094 3284 cum
1123 3222 1272 3284 oneribus
1299 3224 1329 3285 ei

127 3320 284 3400 impositis
306 3319 464 3382 adcrescit
478 3319 516 3407 ⁷).

173 3423 204 3502 §-
218 3419 290 3484 661.
334 3418 493 3482 Fruuntur
518 3427 619 3483 autem
652 3422 712 3484 boc
741 3422 946 3486 adcrescendi
974 3423 1044 3484 iure
1073 3420 1209 3483 heredes
1237 3419 1331 3482 simul

127 3521 314 3600 omnesqui
340 3520 545 3584 hereditatem
566 3529 786 3602 susceperunt.
831 3524 863 3587 Si
885 3529 988 3586 tamen
1013 3526 1200 3585 testamento
1231 3519 1330 3599 aliqui

127 3623 318 3686 coniunctim
340 3639 410 3684 cum
431 3622 596 3686 deficiente
617 3627 647 3686 in
673 3625 781 3688 eadem
802 3632 891 3706 parte
915 3625 1050 3688 instituti
1074 3627 1172 3699 erant,
1196 3619 1329 3701 reliquis

163 3875 562 3950 nmbtueuut

163 3955 193 4020 2)
210 3958 254 4008 Fr.
273 3956 298 4007 2.
317 3953 340 4015 5.
359 3955 384 4007 2.
402 3956 435 4005 D.
455 3956 481 4006 h.
502 3962 520 4008 t.
541 3957 608 4008 Nor.
626 3953 669 4009 18.
686 3975 709 4010 a.
729 3958 754 4012 6.
772 3963 803 4013 ir.
824 3962 848 4015 9.
866 3963 900 4012 D.
918 3957 962 4022 37,
983 3958 1001 4011 3
1021 3959 1067 4027 (de
1087 3957 1163 4011 dotis.
1177 3960 1262 4028 coll).

162 4025 191 4092 3)
211 4027 279 4081 ch.
298 4026 324 4088 6,
343 4025 378 4087 10
395 4023 517 4095 (quaudo
535 4045 589 4081 non
608 4033 754 4095 potentium
772 4039 862 4099 partes
879 4033 1031 4100 petentibus
1048 4027 1230 4101 adcrescunt).
1261 4037 1328 4090 (lod.

124 4099 153 4163 6,
173 4096 203 4151 b]
227 4098 274 4165 (de
293 4098 403 4150 caducis
421 4097 568 4166 tollendis).
1155 4129 1170 4150 e

161 4168 191 4234 4)
210 4171 234 4232 5.
252 4167 278 4220 4.
302 4171 322 4220 1.
342 4169 367 4232 3,
388 4168 405 4220 4
429 4167 477 4235 (de
495 4175 724 4226 senatusconsulto
744 4172 867 4242 Orphit.).
891 4175 923 4225 fr.
942 4172 966 4225 9.
985 4177 1019 4226 Ι).
1038 4173 1082 4239 36,
1102 4173 1135 4228 16
1160 4174 1207 4243 (de
1228 4179 1329 4230 suiset

123 4244 220 4310 regna).
256 4239 318 4307 cup.
338 4241 435 4292 xxvr.
1238 4279 1243 4286 .

161 4313 189 4380 b)
209 4315 252 4365 lu.
272 4313 296 4364 1.
317 4313 340 4372 5.
358 4311 385 4364 4.
402 4314 436 4365 l).
456 4311 500 4377 28,
518 4311 535 4365 5
553 4313 602 4378 (da
619 4314 712 4366 hored.
733 4312 815 4379 inst).
834 4331 857 4366 c.
877 4313 920 4366 13.
940 4315 969 4367 0.
988 4317 1014 4380 6,
1033 4315 1067 4370 24
1086 4315 1160 4385 (eod.
1179 4318 1240 4381 tit).

162 4383 190 4445 6)
209 4387 252 4437 Fr.
271 4383 314 4436 31.
334 4387 366 4436 D.
387 4383 431 4446 29,
451 4385 468 4438 2
487 4385 533 4452 (da
551 4400 610 4454 uoq.
626 4387 672 4437 rel
683 4387 764 4437 omitt.
773 4383 851 4451 hen).
870 4403 948 4439 o.un.
967 4388 1045 4450 510·
1069 4389 1098 4443 0.
1111 4389 1137 4454 6,
1147 4386 1180 4442 51
1204 4388 1252 4455 (tit.
1263 4389 1327 4456 cit).

162 4451 190 4521 7)
209 4459 252 4508 Fr.
271 4451 313 4508 35.
332 4473 371 4522 pr.
389 4457 421 4506 tr.
440 4454 483 4509 63.
503 4456 568 4518 51.
588 4460 620 4508 tr.
639 4455 682 4508 76.
702 4476 739 4526 pr.
760 4460 794 4510 D.
812 4457 856 4522 29,
874 4457 891 4510 2
909 4456 956 4524 (de
974 4461 1075 4530 acquir.
1095 4479 1121 4514 v.
1140 4477 1192 4514 om.
1213 4457 1327 4527 hored).

124 4543 150 4580 e.
168 4545 213 4580 un.
233 4527 258 4590 5.
275 4523 302 4580 4.
322 4527 412 4580 10..0.
430 4526 456 4592 6,
478 4525 510 4581 51
533 4525 582 4591 (tit.
605 4525 670 4593 cit).
