3062 4972
568 349 648 390 utura
668 351 704 390 rr.
726 351 838 393 onnrrr.
1247 341 1302 397 stt

100 487 344 563 recuperatores
362 480 410 542 ire
428 483 561 559 poteret,
584 495 647 559 quo
660 479 743 545 lacto
757 481 849 545 editis
863 482 907 545 ibi
922 482 1065 546 formulis
1082 483 1304 564 querebaturz

101 602 140 646 an
160 582 279 664 aliquid
302 579 457 644 adversus
478 577 624 642 Praetoris
647 579 783 642 edictum
805 581 920 644 lactum
943 589 1039 660 esset,
1062 583 1116 645 vel
1138 589 1170 645 et
1182 602 1220 646 an
1235 597 1316 647 nou

102 689 189 748 esset
211 683 337 756 lactum,
360 679 444 760 quod
467 681 494 742 is
515 678 583 742 lieri
604 681 753 744 iussisset
766 683 809 768 ²),

100 773 105 782 ⁸
141 785 172 864 §.
187 781 279 846 1214.
322 782 369 846 Eo
390 786 492 844 eutem
516 780 649 844 consilio
671 783 837 846 interdicta
861 791 1038 865 comparata
1060 791 1145 862 sunt,
1168 791 1202 846 ut
1226 787 1353 852 vio!
1420 823 1428 837 κ

100 883 207 946 tentiis
230 884 354 946 obviam
377 889 477 945 eatur.
522 880 599 944 Cum
621 885 703 945 enim
726 883 854 948 utilitati
869 887 1020 964 omnium
1048 903 1140 966 quarn
1168 881 1376 950 naximt

98 985 143 1046 sit
166 985 369 1060 contrarium,
390 983 533 1045 homines
553 984 639 1063 ipsos
663 984 794 1047 sibilus
817 986 924 1049 dicere
944 1005 1001 1066 per
1023 987 1086 1048 vim
1109 992 1141 1048 et
1162 987 1250 1048 rixas
1363 973 1402 1048 el

99 1085 343 1161 altercationes,
374 1083 493 1146 Pretor
515 1083 620 1148 edicto
643 1101 701 1147 suo
724 1087 824 1148 eavit:
856 1104 896 1149 ne
922 1088 984 1148 vim
1008 1086 1135 1149 facienti
1163 1097 1413 1166 unquam

99 1185 215 1248 laetum
238 1202 329 1248 suum
349 1183 527 1264 prodesset.
570 1183 646 1246 llam
667 1187 730 1248 vim
753 1185 822 1248 lieri
843 1193 928 1249 vetat
955 1193 987 1249 et
1007 1188 1113 1264 iubet,
1145 1193 1197 1263 ut,
1229 1205 1419 1280 qum

100 1287 132 1348 vi
155 1291 210 1350 aut
228 1292 337 1348 eontra
359 1286 408 1346 ius
430 1285 511 1347 laeta
535 1291 618 1362 sunt,
642 1288 859 1350 restituentur.
904 1287 1037 1351 Reddite
1055 1287 1223 1352 interdicto
1243 1307 1291 1352 c»
1305 1290 1407 1369 12„

98 1387 210 1470 ligatio
234 1387 318 1448 inter
339 1384 502 1468 litigantes
528 1385 658 1466 imperio
682 1388 884 1469 magistratus
907 1389 1125 1464 constituitur,
1158 1388 1388 1466 honor-a,

100 1490 149 1552 rio
171 1491 242 1552 iure
255 1487 293 1573 ²).
516 1501 520 1506 ’

142 1592 173 1672 ξ.
188 1588 281 1660 1215.
326 1586 495 1650 Interdicta
517 1607 535 1650 a
558 1589 720 1652 veteribus
743 1589 775 1651 in
797 1590 884 1652 varia
908 1609 1024 1672 genera
1047 1591 1287 1672 distinguuntur
1296 1611 1337 1661 r.

99 1690 222 1752 Summa
242 1693 345 1750 autem
367 1686 483 1749 divisio
505 1687 571 1750 haec
591 1693 650 1764 est,
675 1688 758 1768 quod
780 1689 1049 1769 autprohibitoria
1065 1696 1138 1751 sunt
1152 1696 1206 1753 aut
1222 1709 1322 1754 res.

98 1787 250 1866 titutorie,
272 1793 326 1850 ant
349 1787 548 1851 exhibitoria.
593 1787 802 1852 Prohibitoria
822 1796 906 1865 sunt,
930 1790 1044 1870 quibus
1070 1790 1188 1853 Praetor
1211 1797 1312 1855 vetat

97 1890 218 1971 aliquid
240 1890 327 1966 lieri,
358 1889 457 1952 veluti
480 1891 542 1952 vim
563 1891 634 1952 sine
657 1891 736 1954 vitio
759 1883 944 1972 possidenti.
989 1891 1192 1954 Restitutoria
1215 1897 1303 1968 sunt,

20 2013 24 2022 ·
98 1991 214 2072 quibus
237 1991 364 2052 restitui
384 1989 503 2070 aliquid
526 1991 624 2066 iubet,
647 1990 747 2054 veluti
769 2010 839 2054 cum
862 1991 960 2068 iubet,
984 1993 1025 2069 ei,
1048 1993 1102 2072 qui
1119 1992 1151 2052 vi
1167 1991 1207 2053 de
1221 2007 1301 2070 pos-

98 2094 244 2158 sessione
278 2092 422 2154 delcetus
452 2096 519 2168 est,
552 2093 677 2154 restitui
708 2095 954 2173 possessionem.
997 2092 1192 2154 Exhibitoria
1214 2097 1309 2168 sunt,
1394 2147 1398 2166 ,

98 2210 249 2275 perque
279 2192 367 2254 iubet
395 2191 556 2267 exhiberi,
589 2190 690 2254 veluti
718 2208 787 2254 eum
818 2192 858 2254 de
888 2193 978 2255 ouius
1008 2193 1153 2255 libertate
1182 2191 1298 2272 agitur.

97 2296 176 2362 Sunt
199 2295 291 2356 etiam
320 2294 486 2356 interdicta
514 2294 620 2369 mixta,
651 2293 749 2355 veluti
778 2309 848 2373 quae
871 2299 902 2356 et
931 2292 1138 2373 prohibitoria
1163 2299 1238 2356 sunt
1268 2297 1300 2356 et

29 2391 32 2396 ’
99 2363 344 2483 exhibitoria't).

140 2500 170 2578 ξ.
186 2493 277 2559 1216.
324 2494 413 2568 Quod
438 2495 474 2558 ad
498 2513 551 2556 res
578 2495 698 2569 attinet,
723 2493 897 2577 dequibus
921 2494 1087 2557 interdicta
1111 2495 1298 2572 redduntur,

99 2596 251 2677 Ulpianus
281 2593 444 2656 selendum
478 2610 549 2656 esse
573 2595 635 2656 uit:
668 2593 836 2656 interdicte
859 2599 1038 2674 competere
1064 2594 1222 2657 derebus
1246 2595 1299 2657 di-

99 2698 183 2758 uinis
206 2701 259 2758 aut
281 2695 321 2757 de
343 2695 505 2769 humanis3
536 2693 668 2770 divinis,
701 2699 735 2754 ut
754 2693 794 2755 de
816 2693 896 2756 locis
920 2695 1019 2756 sacris
1042 2693 1095 2756 vel
1117 2695 1298 2778 religiosis:

98 2797 138 2859 de
160 2796 257 2858 rebus
282 2795 440 2858 hominum
462 2795 655 2870 redduntur,
688 2799 742 2856 aut
765 2784 811 2856 de'
824 2796 884 2871 iis,
916 2811 986 2874 quae
1008 2794 1126 2857 nullius
1149 2802 1223 2858 sunt
1245 2803 1300 2858 eut
1366 2831 1372 2836 -

97 2899 242 2961 alicuius.
288 2895 364 2970 Quoe
381 2902 454 2957 sunt
469 2895 599 2973 nullius,
625 2897 690 2958 haec
710 2901 798 2957 sunt:
822 2895 930 2958 libere
948 2913 1104 2976 persone,
1128 2896 1298 2976 dequibus

98 2997 286 3063 exhibendis
307 3003 339 3058 et
361 2996 512 3060 ducendis
538 2997 704 3060 interdicte
728 3002 917 3078 competunt.
954 2997 1034 3070 Quae
1057 3003 1130 3060 sunt
1151 2997 1298 3074 alicuius,

96 3102 164 3164 lraec
185 3104 261 3160 sunt
282 3103 336 3160 aut
357 3097 482 3180 publica
504 3104 557 3160 out
577 3097 777 3180 singulorum
789 3098 830 3184 ⁴).

138 3198 275 3282 ξ.1217.
320 3183 561 3260 Interdictorum
574 3198 715 3279 quaedam
728 3198 864 3278 duplicia
879 3205 963 3275 sunt,
978 3197 1296 3280 quaedamsimplieia.
1383 3227 1386 3230 ·
1501 3192 1502 3196 ’

96 3300 242 3382 Duplicia
265 3299 424 3375 dicuntur,
448 3305 482 3360 ut
502 3298 547 3360 uti
567 3295 747 3376 possidetis,
780 3315 819 3358 ex
845 3297 959 3377 quibus
984 3303 1015 3358 et
1036 3303 1124 3359 actor
1146 3297 1298 3360 condem-

94 3402 163 3464 nari
186 3405 308 3482 potest3
345 3401 417 3481 quia
441 3418 498 3481 por
520 3401 687 3479 utriusque
715 3399 884 3480 litigatoris
913 3399 945 3458 in
975 3397 1025 3458 his
1052 3397 1209 3460 condictio
1238 3403 1297 3474 est,

96 3522 157 3565 neo
187 3503 352 3582 quisquam
383 3504 542 3582 praecipue
575 3518 650 3564 reus
678 3501 729 3562 vel
762 3507 848 3564 actor
883 3499 1089 3582 intelligitur,
1122 3497 1177 3560 sed
1213 3515 1294 3559 unus

100 3605 237 3686 quisque
264 3609 325 3665 tem
346 3604 394 3665 rei
418 3620 508 3683 quam
536 3604 651 3665 actoris
674 3607 779 3683 partes
801 3603 937 3664 sustinet
948 3601 987 3688 5).
1015 3597 1182 3662 lnterdiote
1206 3599 1297 3660 etiem

96 3703 222 3769 noxalia
245 3709 335 3779 sunt,
361 3704 486 3784 quando
508 3705 546 3766 ob
568 3704 714 3766 delictum
735 3719 901 3766 servorum
923 3702 1054 3778 dantur,
1083 3699 1183 3762 veluti
1207 3697 1291 3779 quod

95 3808 127 3867 vi
151 3803 287 3884 aliquem
310 3803 494 3866 deiecerunt
518 3804 606 3889 (vide
629 3793 778 3885 suprc“§.
796 3801 905 3892 1208.)
932 3803 958 3888 ).

119 4026 159 4095 ι1)
180 4029 240 4080 oar.
261 4027 287 4080 4.
308 4029 332 4089 ἓ.
351 4028 412 4084 141.
449 4031 533 4082 Erant
559 4031 637 4096 igitur
661 4029 801 4082 interdicte
823 4031 913 4082 iussus
938 4026 1109 4094 magistratus
1133 4026 1183 4078 sub
1201 4025 1294 4077 eondi-

94 4102 182 4164 tione,
202 4102 223 4152 si
239 4116 334 4166 procos
352 4103 511 4168 postulantis
529 4103 641 4153 veritate
660 4103 784 4163 nitantur,
803 4099 958 4166 interpositi.
996 4097 1118 4152 Schmidt
1136 4114 1161 4165 p.
1181 4092 1207 4147 8.

130 4172 158 4236 2)
179 4172 222 4223 Fr.
243 4171 285 4223 32.
306 4173 329 4230 ἓ.
349 4171 373 4223 6.
392 4175 425 4223 D.
444 4171 488 4236 44,
507 4171 523 4224 7
543 4171 591 4238 (de
614 4173 646 4224 0.
667 4177 695 4224 et
712 4169 763 4236 rt.).
783 4173 910 4224 Schmidt
929 4189 955 4237 p.
973 4173 998 4222 8.
1019 4173 1046 4220 ot
1064 4166 1124 4221 189.

128 4239 364 4308 3)§.1.1.h.s.
394 4244 454 4294 oei.
472 4244 499 4298 4.
518 4243 543 4303 ἓ.
562 4241 621 4294 142.
640 4246 671 4294 tr.
691 4243 716 4295 1.
736 4243 759 4301 ἓ.
779 4243 803 4294 ].
822 4245 855 4296 D.
877 4245 903 4294 h.
921 4248 940 4294 t.
978 4242 1104 4293 Schmidt
1122 4257 1149 4305 p.
1169 4233 1292 4291 30.-⁷l.

128 4311 157 4378 4)
176 4315 219 4366 Fr.
239 4313 263 4366 1.
282 4332 321 4380 pr.
339 4317 373 4367 D.
394 4317 421 4365 h.
439 4321 457 4366 t.
495 4315 597 4368 Similia
617 4315 699 4366 tradit
717 4315 820 4368 Paulus
837 4316 865 4366 in
883 4316 914 4366 ir.
933 4311 958 4363 2.
979 4311 1003 4370 ἓ.
1018 4311 1042 4362 1.
1060 4313 1093 4361 D.
1113 4309 1174 4362 eod.
1271 4336 1275 4348 ι

128 4383 200 4508 51183
218 4383 251 4508 7.1
253 4387 288 4509 gg
302 4388 329 4437 lr.
348 4392 366 4439 t.
388 4386 447 4440 (lai.
466 4383 492 4440 4.
512 4385 553 4447 §5-
565 4384 721 4439 156.-160.
741 4387 817 4438 Paul.
834 4387 862 4439 ln
879 4403 918 4453 pr.
936 4385 967 4436 tr.
983 4382 1008 4436 2.
1027 4384 1061 4434 D.
1081 4382 1108 4432 h.
1126 4386 1145 4432 t.
1165 4381 1292 4433 Schmidt

129 4525 394 4592 &Rossm.
