3082 4976
637 332 828 386 rnraonuor‘ro.
1313 339 1330 394 3

130 474 343 536 conventione
366 472 467 539 solius
489 473 632 536 utilitatis
652 475 753 557 gratia
776 476 826 536 ius
842 474 964 538 demum
977 477 1179 538 constitutum
1196 476 1330 550 docent3

129 572 185 636 alii
208 573 239 636 id
259 573 328 636 solo
349 575 568 654 imperantium
586 575 717 637 arbitrio
736 577 855 638 iussum
868 576 1063 655 profitentur.
1107 576 1250 640 Proxime
1269 595 1330 640 au-

131 681 195 737 tem
217 675 371 738 accedere
394 675 432 738 ad
458 677 621 738 veritatem
649 675 777 738 videtur
801 676 867 738 bec
891 682 998 740 nostra
1029 676 1116 740 illius
1147 679 1330 758 questionis

130 775 258 837 solutio.
1069 833 1088 858 ,

174 877 207 956 ξ.
222 875 251 938 l.
295 875 459 952 Homines,
490 877 586 940 variis
608 878 752 957 eorporis
774 877 995 958 cupiditatibus
1017 877 1220 958 diversisque
1240 877 1332 940 animi

130 975 302 1040 desideriis
323 977 596 1056 obtemperantes,
629 983 692 1040 tum
720 979 841 1057 proprii
864 977 1015 1040 commodi
1043 979 1204 1058 querendi
1225 978 1331 1042 studio

130 1093 203 1138 eum
224 1082 328 1142 mutua
344 1075 565 1140 benevolentia
578 1079 750 1140 concitatos
764 1077 922 1140 societatis
940 1078 1080 1156 oppetita
1094 1081 1165 1160 regi
1177 1078 1331 1141 videmus.

174 1177 371 1266 Quandoque
394 1183 497 1240 autem
527 1177 565 1240 ad
596 1179 779 1242 societatem
802 1179 1052 1242 constituendam
1084 1185 1332 1262 congregantur,

131 1279 236 1340 stetim
258 1277 356 1340 altera
377 1277 431 1340 illa
456 1279 598 1342 humanae
619 1285 740 1342 naturae
762 1281 866 1342 innata
890 1279 942 1342 lex
962 1283 1048 1356 iusti,
1070 1297 1139 1360 quae
1157 1280 1332 1342 suumoui-

131 1395 196 1458 que
218 1378 360 1440 tribuere
382 1379 479 1454 iubet,
501 1379 711 1460 equalitatem
728 1381 881 1460 quandam
898 1383 980 1443 inter
1002 1398 1068 1458 eos,
1093 1387 1127 1442 ut
1144 1381 1251 1444 eadem
1276 1399 1331 1442 ra-

131 1481 220 1542 tione
233 1497 269 1542 ao
285 1477 438 1561 dignitate
453 1481 601 1560 praeditos
614 1483 736 1566 servari
748 1487 780 1544 et
792 1481 1066 1562 cuilibetaliquam
1079 1487 1218 1545 externe
1229 1481 1332 1546 liber-

132 1583 206 1644 tatis
225 1581 420 1662 provineiam
444 1587 588 1662 tanquam
611 1584 671 1663 ipsi
693 1600 825 1663 prorsus
849 1583 983 1645 debitam
1008 1584 1165 1667 assignari
1181 1583 1330 1664 postulat.

176 1681 430 1762 compelluntur,
466 1683 521 1762 qui
542 1685 584 1745 ita
608 1685 801 1746 conveniunt
830 1683 868 1745 ad
891 1686 964 1746 vita
994 1686 1166 1746 communis
1192 1685 1332 1746 rationes

130 1801 223 1864 aeque
245 1802 281 1845 ac
305 1782 425 1846 utiliter
453 1773 688 1860 describendas,
711 1784 749 1847 ad
771 1785 1023 1848 dissentientium
1045 1785 1117 1847 lites
1139 1787 1226 1867 pacis
1251 1803 1330 1847 oon-

132 1884 300 1946 servandae
322 1886 433 1966 gratia,
457 1890 545 1948 recte
570 1885 772 1962 dirimendas,
797 1886 889 1949 etad
915 1886 1108 1948 commodum
1132 1885 1332 1966 solidumque

134 1985 275 2066 degendi
297 1986 466 2064 uniterque
489 1986 639 2048 versandi
663 1987 804 2060 ordinem
828 1987 1061 2049 stabiliendum.

178 2089 209 2167 §-
223 2085 252 2150 8.
296 2087 402 2166 Atque
424 2086 473 2148 bic
487 2070 568 2162 lobs,
588 2087 648 2149 hoc
661 2088 849 2168 principium
862 2093 910 2148 est
923 2089 1023 2149 omnis
1046 2088 1148 2161 iuris3
1169 2087 1235 2150 haec
1251 2086 1333 2166 apud

132 2203 242 2252 omncs
273 2191 386 2267 gentes
417 2186 577 2248 civitatum
609 2191 757 2268 ingressu
792 2189 870 2249 iuris
901 2187 1080 2268 primordia.
1141 2186 1202 2251 Sed
1232 2185 1335 2248 infima

132 2287 322 2370 populorum
343 2287 375 2348 in
399 2286 529 2350 inlantia
551 2287 733 2369 degentium
753 2289 886 2364 cultura,
912 2288 964 2350 illa
986 2290 1118 2351 rationis
1142 2289 1334 2367 virtutisque

133 2392 185 2452 vis
208 2388 276 2450 solo
301 2390 392 2468 quasi
412 2389 563 2450 instinctu
585 2389 680 2450 rebus
704 2391 780 2470 ipsis
804 2407 840 2451 ac
863 2390 953 2451 lactis
978 2395 1090 2450 cuncta
1113 2387 1246 2451 ordinat.
1272 2389 1334 2450 At-

135 2484 251 2554 tamen'
265 2494 351 2550 certa
374 2495 406 2550 et
426 2495 533 2552 sancta
557 2489 712 2551 habentur
734 2491 806 2552 vitae
819 2491 990 2552 communis
1011 2491 1162 2565 instituta,
1184 2487 1336 2550 formatur

136 2588 339 2670 respublica,
374 2593 612 2652 constituuntur
633 2593 854 2672 magistratus,
877 2591 989 2654 ritibus
1013 2609 1050 2652 ao
1072 2589 1214 2652 lormulis
1236 2589 1335 2670 sacris

136 2692 279 2754 notiones
301 2689 513 2766 celebrantur,
537 2692 651 2772 quibus
673 2693 870 2774 singulorum
893 2695 961 2756 iura
977 2693 1239 2774 distinguuntur.¹
1268 2690 1335 2751 lie-

136 2792 269 2874 ligionis
292 2791 432 2872 pondere
456 2797 487 2853 et
509 2790 655 2869 vinculo,
690 2812 752 2874 quo
782 2811 889 2857 omnes
914 2793 1062 2856 iuvenilis
1095 2793 1204 2874 populi
1229 2807 1333 2854 mores

137 2895 258 2956 sacrari
281 2891 436 2967 videmus,
460 2893 540 2954 iuris
562 2909 688 2973 quoque
711 2901 865 2976 precepta
894 2894 1075 2974 firmantur;
1103 2893 1176 2956 inde
1197 2892 1335 2955 iudicio-

136 3011 207 3056 rum
230 2993 390 3067 sanctitas,
412 2993 582 3056 maiestatis
604 2996 905 3087 magistratuumque
925 2998 1119 3088 reverentia.

180 3096 210 3176 ξ.
224 3095 254 3158 9.
298 3093 420 3175 Lingua
433 3093 541 3173 populi
554 3093 690 3171 exculta,
713 3097 792 3158 iuris
813 3096 966 3159 voeabula
990 3098 1206 3172 inveniuntur,
1227 3097 1336 3156 ineer-

137 3196 244 3274 tisque
266 3194 368 3275 signis
393 3193 623 3274 praeferuntur,
657 3199 736 3258 iuris
766 3201 919 3276 praecepta
943 3197 1064 3279 adagiis
1088 3197 1157 3257 sive
1178 3195 1337 3276 paroemiis
1387 3249 1389 3254 Α

140 3290 362 3380 (brocardicis)
387 3296 621 3374 exprimuntur3
647 3302 678 3357 et
698 3295 781 3375 quod
795 3297 950 3376 principio
971 3298 1061 3358 tacita
1085 3296 1232 3376 opinione
1257 3311 1336 3354 con-

138 3393 261 3470 stabat,
298 3393 342 3455 id,
363 3394 594 3456 consuetudine
616 3394 777 3471 firmatur,
812 3401 1020 3476 perpetuatur
1049 3400 1081 3456 et
1105 3394 1335 3456 circumfertur.

138 3493 280 3556 Moribus
303 3495 409 3574 itaque
431 3494 500 3566 iura
522 3495 722 3558 stabilitatem
738 3498 905 3577 accipiunt,
927 3497 1061 3558 lirmiora
1082 3495 1170 3570 liunt,
1189 3513 1226 3557 ac
1247 3494 1337 3556 viro-

101 3611 107 3626 *
139 3611 209 3656 rum
233 3594 434 3674 prudentium
457 3597 654 3673 auctoritate,
678 3603 709 3659 et
729 3597 933 3660 iudicantium
948 3597 1113 3660 sententiis
1137 3594 1283 3658 coluntur
1305 3599 1338 3655 et

140 3695 319 3756 accuratius
342 3694 544 3757 deliniuntur.

182 3797 213 3876 ξ.
226 3796 276 3859 10.
320 3794 431 3876 Neque
453 3803 555 3859 tamen
576 3798 687 3862 eadem
711 3805 784 3860 sunt
797 3799 878 3881 apud
901 3815 1009 3862 omnes
1024 3804 1137 3882 gentes
1150 3798 1228 3860 iuris
1251 3809 1337 3876 pra-

142 3903 233 3978 cepta
256 3902 288 3959 et
309 3896 436 3976 publica
447 3899 635 3980 privataque
651 3902 804 3962 instituta.
835 3900 927 3962 Varia
948 3907 1023 3964 sunt
1043 3918 1101 3980 pro
1123 3899 1212 3960 vario
1233 3911 1338 3977 popu-

139 3997 244 4058 lorum
267 3997 408 4078 ingenio,
432 4017 489 4078 pro
514 3999 593 4062 locis
616 4008 647 4062 et
671 4003 771 4064 omnis
791 4004 874 4063 vitae
895 4001 1073 4064 commercii
1097 4015 1206 4062 eorum
1227 3996 1339 4058 diver-

139 4097 246 4159 sitate.
290 4097 369 4159 Sunt
391 4099 444 4160 alii
460 4099 622 4178 cultiores,
645 4101 698 4164 alii
714 4102 850 4178 barbari,
874 4103 1023 4164 montium
1038 4101 1103 4177 alii,
1126 4098 1181 4162 alii
1196 4098 1337 4160 littorum

141 4199 237 4260 maris
262 4199 314 4260 vel
337 4197 487 4264 fertilium
509 4201 637 4264 vallium
661 4204 791 4278 incole3
825 4204 878 4265 alii
901 4205 988 4286 agris
1003 4201 1156 4277 colendis,
1178 4196 1336 4281 pascendo

140 4302 195 4365 alii
217 4303 312 4364 vitam
334 4307 530 4378 sustentant,
559 4301 613 4364 alii
636 4303 760 4369 demum
783 4305 1004 4384 reperiuntur,
1035 4305 1087 4383 qui
1109 4301 1228 4364 artibus
1251 4318 1339 4363 oom-

141 4405 326 4484 meroioque
345 4403 538 4468 ¹exercendis
559 4405 632 4467 vite
646 4405 787 4468 subsidia
807 4412 961 4486 querunt.
997 4405 1119 4484 Ubique
1132 4421 1220 4479 vero,
1244 4403 1339 4484 quid-

144 4503 219 4583 quid
241 4504 446 4585 aptissimum,
472 4506 685 4584 iustissimum,
711 4507 906 4588 maximeque
918 4506 1054 4588 propriis
1074 4502 1213 4567 moribus
1226 4507 1257 4564 et
1278 4519 1338 4564 ne-
