3082 4976
651 361 840 400 russonnorro.
1336 358 1354 414 5

148 501 241 560 antea
270 498 424 562 seiunctis
457 498 489 560 in
522 513 585 560 uno
614 513 715 579 regno
746 497 952 575 consociatis,
985 499 1054 561 iura
1087 515 1192 562 earum
1222 501 1353 582 aequari

149 597 286 659 omnium
310 597 447 660 intersit.

263 783 331 836 TIT.
344 785 391 838 111.
429 785 477 836 Du
495 783 582 837 mum
602 783 795 836 Neronum.
833 783 999 838 elisurum
1019 786 1067 838 ΕΤ
1086 787 1196 840 OIVlLl
1208 785 1236 854 ¹).

189 903 220 982 ἕ.
235 902 284 967 14.
328 901 404 964 Cum
426 903 545 964 iustitia
578 904 619 965 sit
650 908 798 966 constans
827 908 859 964 et
891 907 1043 983 perpetua
1066 903 1212 967 voluntas
1234 906 1351 986 cuique

146 1002 242 1067 Saum
266 1002 424 1066 tribuendi
448 1003 494 1090 (ᾖ.
507 1003 553 1089 5),
576 1021 650 1079 eos,
673 1005 727 1084 qui
747 1003 983 1066 communitates
1003 1005 1086 1066 iuste
1109 1004 1276 1068 ordinandi
1298 1009 1352 1066 aut

145 1103 219 1167 lites
242 1102 408 1171 dirimendi
440 1121 552 1166 munus
577 1106 776 1184 suscipiunt,
808 1109 880 1166 ante
902 1105 1004 1166 omnia
1027 1105 1194 1186 explorare
1211 1109 1348 1186 oportet,

144 1203 221 1286 pactu
251 1205 423 1284 unicuique
453 1211 598 1284 tanquam
621 1221 713 1267 suum
733 1203 933 1267 tribuendum
963 1206 1003 1266 sit
1035 1210 1066 1266 et
1097 1210 1184 1268 certe
1206 1221 1264 1285 pro
1288 1219 1346 1267 suo

146 1305 320 1381 habebunt,
344 1303 428 1384 quod
452 1287 632 1366 accessorio
657 1304 791 1368 alicuius
825 1322 897 1366 esse
919 1303 970 1366 vel
994 1307 1136 1385 praestari
1171 1308 1200 1368 ei
1223 1306 1346 1368 debeat.
1407 1333 1410 1338 ¹

146 1407 227 1470 Sunt
247 1411 350 1468 eutem
372 1405 549 1468 hominibus
572 1405 698 1468 omnino
719 1407 910 1481 necessarie,
932 1422 1002 1485 quae
1029 1407 1199 1468 communis
1219 1407 1346 1470 illorum

146 1523 217 1568 oum
247 1507 370 1568 caeteris
403 1507 611 1569 animantibus
654 1512 764 1568 nutura
797 1506 963 1586 exposcit:
1005 1506 1079 1568 item
1111 1523 1180 1587 quae
1212 1508 1351 1571 naturuli

146 1608 263 1670 rationi
292 1607 371 1669 adeo
395 1609 567 1670 convenire
589 1612 836 1690 cognoscuntur,
860 1613 894 1668 ut
915 1607 952 1668 ab
975 1606 1117 1669 omnibus
1149 1609 1349 1688 postulentur

145 1709 199 1772 vel
227 1707 370 1771 omnibus
397 1708 564 1787 querenda
598 1713 651 1769 aut
682 1705 829 1789 fugienda
856 1723 928 1770 esse
948 1707 1181 1788 precipiantur.
1224 1709 1348 1772 Neces-

144 1811 230 1873 saria
253 1809 389 1888 denique
402 1808 567 1884 habentur,
584 1825 653 1888 quae
673 1808 711 1870 ab
733 1807 839 1888 aliquo
862 1807 978 1888 populo
1000 1807 1039 1869 ob
1062 1806 1254 1888 peculiarem
1276 1811 1346 1871 rei-

143 1909 281 1992 publice
313 1909 382 1970 eius
411 1909 663 1970 constitutionem
696 1907 748 1970 vel
780 1910 934 1970 communi
969 1907 1083 1969 civium
1115 1909 1263 1988 opinione
1294 1915 1347 1972 aut

145 2009 365 2092 imperantium
390 2011 478 2072 iussu
500 2014 534 2069 ut
556 2011 737 2071 necessarie
751 2008 923 2071 ordinanda
945 2013 998 2069 aut
1020 2007 1180 2088 sequendo
1202 2017 1351 2074 statuun-

143 2109 246 2199 turl).
299 2109 367 2173 llon
389 2110 543 2172 immerito
565 2109 664 2192 igitur
685 2109 892 2171 Romanorum
917 2107 1155 2184 iurisconsulti,
1190 2111 1274 2190 quod
1308 2111 1347 2174 ed
1407 2134 1410 2144 2

141 2209 344 2294 singulorum
367 2209 445 2271 iuris
469 2209 681 2271 institutorum
695 2207 864 2289 primordia
889 2213 1019 2288 spectet,
1045 2225 1136 2270 omne
1151 2209 1200 2270 ius
1224 2211 1344 2292 tripar-

142 2314 235 2376 titum
258 2327 330 2374 esse
353 2310 489 2384 doeent3
521 2309 688 2372 collectum
710 2293 759 2372 est
781 2311 862 2370 enim
886 2311 955 2370 sive
982 2327 1021 2370 ex
1043 2308 1237 2372 naturalibus
1260 2329 1345 2392 prae-

149 2415 263 2495 ceptis,
290 2413 360 2474 sive
382 2412 534 2495 gentium,
561 2412 629 2472 sive
653 2428 693 2472 ex
717 2410 864 2472 civilibus
876 2410 915 2496 ³).

192 2517 224 2596 g.
238 2515 288 2580 15.
334 2512 385 2574 lus
415 2510 557 2574 naturale
581 2517 647 2588 est,
681 2511 765 2592 quod
787 2517 897 2573 natura
920 2511 1022 2573 omnia
1053 2510 1197 2574 animalia
1221 2510 1347 2585 docuit3

146 2633 218 2679 num
252 2617 301 2677 ius
338 2615 421 2678 istud
445 2633 509 2678 non
531 2615 657 2676 humani
690 2615 817 2696 generis
844 2613 1005 2694 proprium
1030 2617 1096 2689 est,
1129 2611 1187 2674 sed
1212 2612 1346 2674 omnium

146 2717 360 2792 animantium,
383 2733 454 2796 quae
475 2717 505 2777 in
528 2714 620 2791 coelo,
644 2731 713 2795 quae
736 2716 767 2776 in
792 2720 896 2791 terre,
920 2731 992 2794 quo
1012 2715 1044 2775 in
1066 2713 1143 2776 mari
1165 2717 1347 2775 nascuntur.

147 2815 229 2879 lline
244 2815 409 2878 descendit
431 2815 525 2877 maris
544 2821 639 2895 atque
660 2814 782 2877 lemine
795 2815 984 2890 coniunctio,
1006 2813 1177 2876 liberorum
1193 2831 1348 2894 procrea·
1387 2887 1391 2896 ,

148 2917 206 2994 tio,
229 2933 402 2997 eorumque
426 2917 571 2980 educatio
583 2915 619 2996 ⁴).

191 3020 222 3101 ξ.
238 3017 287 3081 16.
314 3016 383 3079 lus
407 3019 547 3099 gentium
569 3022 673 3078 autem
707 3020 738 3076 et
759 3015 854 3077 civile
874 3015 915 3076 ita
937 3013 1098 3076 dividitur.
1144 3014 1258 3078 Omnes
1282 3032 1344 3096 po-

147 3117 232 3200 puli,
264 3119 316 3198 qui
335 3117 462 3199 legibus
485 3121 515 3178 ot
537 3117 676 3178 moribus
703 3121 870 3198 reguntur,
892 3117 1004 3195 partim
1028 3133 1087 3178 suo
1108 3117 1248 3197 proprio,
1270 3133 1346 3197 par·
1375 3104 1377 3108 ’

148 3222 203 3280 tim
225 3217 384 3280 communi
402 3218 537 3280 omnium
563 3217 718 3278 hominum
743 3217 812 3276 iure
834 3220 975 3276 utuntur.
1018 3213 1094 3276 Nam
1119 3213 1273 3295 quoddam
1296 3217 1346 3278 ius

149 3316 287 3382 naturali
314 3318 435 3380 ratione
461 3319 543 3378 inter
566 3333 673 3379 omnes
703 3316 843 3378 homines
874 3316 1076 3378 constitutum
1110 3321 1175 3392 est,
1205 3321 1236 3378 et
1266 3317 1346 3398 apud

150 3436 259 3481 omnes
283 3417 417 3498 populos
440 3434 587 3498 perteque
600 3413 787 3493 custoditur,
809 3422 1004 3495 vocaturque
1019 3417 1067 3477 ius
1082 3419 1234 3498 gentium,
1258 3419 1349 3497 quasi

149 3535 214 3598 quo
237 3519 307 3580 iure
330 3536 437 3580 omnes
460 3524 572 3601 gentes
597 3517 777 3604 utantur).
821 3516 902 3579 luris
927 3517 1066 3600 gentium
1088 3522 1136 3578 est
1160 3535 1235 3600 erga
1248 3517 1346 3579 Deum

150 3617 277 3701 religio,
301 3637 377 3701 erga
402 3619 532 3699 patriam
556 3623 587 3680 et
607 3623 753 3700 parentes
776 3619 875 3699 pietas
898 3623 992 3698 atque
1017 3617 1205 3680 obedientia.
1248 3617 1345 3680 Porro

149 3718 211 3781 hoc
231 3719 301 3780 iure
326 3724 439 3802 gentes
462 3719 620 3794 humane,
645 3735 703 3780 usu
727 3725 758 3780 et
777 3718 1019 3782 necessitatibus
1040 3719 1181 3779 humanis
1205 3720 1245 3781 ita
1268 3736 1347 3801 pos-

60 3857 73 3868 -
150 3819 336 3896 tulantibus,
358 3818 452 3881 multe
475 3820 534 3881 sibi
554 3821 766 3894 constituere3
797 3837 836 3882 ex
856 3837 893 3882 eo
918 3817 1095 3881 introducta
1125 3816 1222 3896 hello,
1245 3821 1346 3902 eapti-

150 3922 266 3981 vitutes
289 3925 423 3996 secute,
448 3921 619 3983 servitutes
639 3925 670 3982 et
692 3920 969 3993 manumissiones3
1001 3917 1146 3982 discrete
1168 3924 1240 3982 sunt
1262 3938 1346 4002 gen-

150 4063 349 4094 -'-—-..

185 4182 214 4250 1)
233 4186 350 4238 Rubrios
370 4185 408 4238 ut.
425 4187 459 4249 11,
478 4187 540 4238 libri
557 4187 578 4237 l.
597 4186 793 4238 Institutionum
812 4186 957 4238 Iustiniani·

187 4255 216 4316 2)
236 4257 395 4323 Diligentius
416 4258 487 4308 hono
507 4257 540 4309 do
558 4258 653 4324 triplici
674 4259 832 4310 necessitate
846 4263 875 4309 ut
893 4258 978 4310 omnis
989 4257 1054 4309 iuris
1065 4256 1241 4310 fundamento
1252 4254 1347 4308 deotri-

150 4343 214 4380 nsm
232 4329 346 4396 exposui
362 4330 390 4379 in
409 4329 473 4380 meis
491 4328 673 4397 Philosophia
691 4331 760 4382 iuris
782 4331 957 4382 lineamentis
975 4325 1123 4388 §.lo-46.

186 4397 204 4452 8
236 4399 260 4460 ἓ.
271 4397 297 4451 4.
315 4400 372 4450 in-l.
393 4400 414 4450 1.
433 4399 447 4450 1
467 4397 515 4465 (tle
534 4399 594 4451 lust.
613 4404 638 4450 et
655 4397 732 4464 iure)-

185 4467 205 4522 4
234 4473 277 4522 Pr.
298 4471 318 4522 1.
337 4471 365 4521 h.
383 4475 402 4521 t.
420 4472 451 4522 lt·
473 4471 497 4521 l.
516 4468 540 4530 ἓ.
561 4469 586 4522 3.
605 4471 674 4534 D.1‚
698 4471 724 4521 1.

188 4537 331 4607 u)s.1,1„
350 4540 413 4594 sod·
433 4543 464 4594 ir.
475 4539 501 4593 9.
520 4542 556 4591 D·
566 4539 618 4592 1.1
642 4541 679 4606 (h.
690 4538 731 4608 t).
755 4537 858 4603 orooro,
878 4539 1036 4592 Tusculanos
1055 4545 1145 4608 quest.
1163 4541 1210 4592 llb.
1221 4543 1242 4606 1,
1262 4558 1284 4592 o.
1296 4537 1341 4592 13.
