3098 4966
219 359 256 414 80
542 369 741 408 institutione
761 371 834 408 1111111
854 371 956 409 nolunt
976 371 1096 409 rurum.

227 500 330 563 nendo
351 515 457 562 earum
481 499 618 562 dominio
639 499 860 580 dispiciamus:
885 500 941 562 sed
966 501 1245 582 completumque
1269 517 1322 564 ees
1342 519 1423 563 nos-

222 605 287 663 tras
312 600 455 676 lecimus,
481 601 606 681 quando
630 617 736 663 earum
758 603 991 682 possessionem
1014 603 1098 662 nacti
1121 619 1248 679 sumus,
1273 603 1361 681 prius
1382 601 1423 662 de

224 701 417 782 acquirenda
430 707 462 763 et
476 701 642 764 amittenda
661 702 867 781 possessione
884 701 1034 764 dicamus.
1070 701 1126 764 Est
1143 709 1245 764 autem
1258 703 1424 782 possessio

222 819 275 864 res
298 801 392 864 lacti:
427 821 497 866 nam
521 803 686 882 possidere
709 803 843 879 dicitur,
878 805 931 882 qui
953 819 1020 864 rem
1050 803 1245 883 corporalem
1273 802 1424 883 potestati

221 920 287 965 suae
309 905 351 965 ita
373 903 546 966 subiectam
567 903 672 980 habet,
695 909 729 964 ut
751 905 812 984 ipsi
835 904 974 966 exclusis
996 904 1139 966 omnihus
1163 905 1203 966 de
1226 923 1268 966 ea·
1284 901 1322 963 ad
1344 901 1424 962 libi-

221 1009 286 1065 tum
311 1003 498 1084 disponendi
523 1005 564 1066 sit
587 1004 730 1066 leonitas.
765 1003 841 1066 Cum
863 1010 965 1066 autern
987 1003 1118 1067 ellectus
1140 1021 1209 1066 cum
1232 1003 1292 1066 hoo
1313 1003 1423 1083 possi-

222 1104 319 1167 dendi
344 1105 427 1167 lacto
450 1105 520 1166 iure
543 1105 608 1166 sint
630 1107 802 1181 coniuncti,
824 1107 1038 1184 possessionis
1059 1108 1145 1167 notio
1168 1111 1263 1184 atque
1285 1101 1423 1179 indoles,

222 1206 292 1268 eius
321 1205 489 1285 acquisitio
519 1204 571 1266 vel
600 1207 726 1268 amissio
758 1205 935 1267 accuratius
964 1225 981 1267 a
1010 1205 1245 1269 iurisconsultis
1274 1203 1423 1266 Romanis

224 1304 360 1368 delinitae
380 1310 465 1382 sunt,
490 1311 523 1366 ut
545 1323 581 1367 ea
605 1307 665 1368 iam
690 1323 753 1368 non
776 1305 849 1368 iacti
873 1304 994 1386 solum,
1018 1307 1074 1370 sed
1097 1309 1177 1370 iuris
1200 1321 1326 1386 quoque
1348 1319 1424 1366 esse

222 1403 395 1492 diceturl).
612 1469 617 1476 ,

265 1509 295 1589 ξ.
309 1505 380 1570 296.
425 1505 640 1569 Possessionis
663 1511 766 1568 autem
789 1506 919 1570 effectus
942 1507 1102 1570 multifarii
1118 1514 1201 1584 sunt,
1225 1513 1260 1568 ut
1271 1507 1423 1587 deinceps

222 1609 255 1669 in
277 1606 412 1689 singulis
434 1606 513 1668 locis
537 1604 736 1668 videbimus:
758 1607 908 1672 hocloco
929 1610 1103 1688 presertim
1120 1607 1183 1670 duo
1195 1613 1269 1670 sunt
1282 1606 1423 1682 notandi,

224 1707 294 1768 iure
318 1706 405 1770 civili
427 1708 596 1788 usucapio,
627 1709 697 1769 iure
718 1711 868 1788 pretorio
890 1709 1076 1787 interdicta,
1105 1711 1188 1772 inste
1207 1709 1423 1790 possidentem

221 1809 351 1870 tuentia.

264 1908 379 1990 §.292
425 1909 501 1997 inde
534 1910 673 1973 diverse>
702 1913 914 1991 possessionis
947 1911 1177 1974 distinctiones.
1222 1910 1260 1972 Et
1292 1910 1424 1990 proprie

225 2011 350 2092 quidem
373 2009 582 2090 possidetis,
617 2013 671 2091 qui
697 2029 761 2072 rem
784 2011 994 2093 corporaliter
1015 2011 1180 2087 detinens,
1213 2011 1306 2072 simul
1327 2011 1425 2072 habet

226 2113 372 2188 animum,
396 2129 463 2172 eam
482 2111 543 2173 sibi
564 2117 598 2173 ut
619 2129 705 2174 suam
728 2113 874 2188 tenendi3
898 2131 966 2175 cum
988 2118 1095 2175 contra
1116 2113 1169 2192 qni
1190 2113 1259 2173 sine
1272 2111 1331 2174 hoc
1344 2129 1425 2191 pro-

225 2213 330 2294 posito
352 2211 412 2274 sibi
437 2211 609 2275 subiectam
635 2213 728 2276 habet
748 2232 834 2290 rem,
869 2215 897 2277 is
919 2214 1127 2294 corporaliter
1153 2230 1211 2276 seu
1237 2211 1425 2274 naturaliter

226 2317 345 2375 tantum
368 2312 454 2376 illam
478 2313 655 2394 possidere,
678 2314 730 2378 vel
754 2316 786 2378 in
808 2316 877 2377 eius
898 2319 1101 2396 possessione
1126 2331 1208 2391 esse,
1230 2331 1288 2376 seu
1308 2313 1424 2374 nudam

226 2415 295 2476 eius
327 2413 539 2477 detentionem
570 2416 686 2478 habere
716 2417 887 2502 dicatur2).
933 2415 1016 2478 Vero
1047 2419 1225 2497 possessori
1255 2412 1424 2476 interdicta

226 2532 377 2578 concessa
399 2521 481 2592 sunt,
506 2518 560 2597 qui
582 2518 608 2578 si
631 2535 670 2579 ex
689 2519 770 2580 iusta
793 2535 885 2580 causa
908 2519 1074 2598 possidere
1093 2519 1234 2599 coeperit,
1254 2529 1422 2577 remsuam

223 2617 285 2680 sibi
311 2618 381 2679 iure
403 2618 585 2698 acquisitam
607 2623 741 2697 putans,
764 2618 920 2696 civiliter,
941 2621 963 2681 i.
985 2639 1013 2682 e.
1037 2621 1076 2682 ad
1097 2619 1326 2700 usucapionem·
1342 2629 1423 2694 pos-

194 2716 314 2780 sidet.
373 2716 461 2780 Unde
491 2718 642 2781 naturalis
678 2721 889 2800 possessionis
917 2722 987 2783 sive
1017 2720 1110 2784 nude
1140 2721 1188 2781 rei
1218 2717 1422 2792 detentionis,

118 2855 120 2862 ›
224 2818 437 2898 possessionis
460 2821 588 2899 proprie
611 2820 657 2881 sic
677 2819 779 2897 dicte,
803 2827 834 2882 et
856 2819 961 2882 civilis
984 2821 1198 2901 possessionis
1214 2817 1422 2897 distinctioi).

224 2915 284 2990 oui
306 2935 342 2979 re
367 2935 442 2980 vera
467 2919 620 2998 possidet,
644 2937 748 3000 neque
771 2939 849 2984 vero
873 2921 1023 2998 civiliter,
1047 2925 1079 2983 et
1099 2921 1127 2982 is
1145 2918 1423 2999 aliquandonatu-

224 3016 336 3080 raliter
361 3018 527 3097 possidere
550 3020 714 3107 diuitum).

267 3117 383 3200 6298.
427 3118 580 3182 Preterea
600 3120 807 3204 distinguitur
829 3123 914 3184 iuste
936 3121 989 3184 vel
1009 3124 1139 3198 iniuste,
1162 3121 1243 3183 bona
1265 3119 1318 3180 vel
1341 3108 1423 3180 mala

226 3217 287 3280 lide
317 3217 492 3298 possidere.
536 3219 654 3284 lniuste
677 3221 836 3302 possidet,
860 3222 915 3301 qui
938 3222 981 3298 vi,
1005 3221 1082 3284 clam
1105 3226 1159 3282 aut
1180 3221 1323 3300 precario
1342 3235 1423 3299 pos-

223 3320 398 3382 sessionem
422 3325 531 3382 nactus
555 3321 654 3407 esst).
698 3321 778 3385 lllala
802 3321 864 3385 lide
884 3339 963 3384 uero
985 3322 1147 3402 possidet,
1181 3323 1235 3400 qui
1258 3321 1363 3382 sciens
1386 3335 1423 3380 se
1527 3361 1528 3430 )

223 3549 270 3601 lib.
287 3546 313 3600 4.
333 3547 375 3601 15.
394 3547 417 3607 9.
437 3545 462 3600 5.
481 3546 506 3600 6.
525 3549 559 3597 D.
577 3544 621 3608 41,
639 3544 718 3610 2(de
738 3550 836 3618 aequit.
855 3548 899 3600 vel
917 3549 999 3598 amitt.
1017 3545 1207 3614 possessione).
1226 3547 1256 3598 G.
1274 3543 1301 3608 7,
1321 3543 1357 3596 32
1374 3542 1424 3610 (de

224 3636 302 3688 aequ.
321 3625 347 3672 et
362 3621 437 3671 retia.
457 3615 550 3685 poss).
587 3616 728 3685 Sequimur
742 3620 770 3670 in
787 3619 949 3686 exponenda
973 3621 1025 3670 hae
1044 3620 1108 3672 iuris
1125 3625 1199 3685 parte
1219 3619 1362 3684 presertim
1380 3631 1424 3667 ee-
1527 3639 1528 3668 ;

164 3721 168 3734 ·
224 3691 357 3744 leberriml
381 3691 508 3756 Sumenti
529 3689 563 3740 de
588 3689 755 3756 possessione
780 3707 848 3757 opus
873 3687 955 3752 1836,
987 3691 1086 3743 sexties
1112 3692 1293 3757 publicatum,
1322 3688 1425 3753 gallice
1527 3731 1528 3752 ,

223 3779 329 3816 nusum
339 3767 409 3813 suot.
427 3763 541 3826 Besinp,
553 3755 631 3812 1840.
648 3760 714 3812 liius
730 3763 855 3828 enalysin
864 3759 1301 3828 gallisempuetieutmusheodii
1311 3755 1425 3810 18218.
1527 3781 1528 3788 .

224 3833 337 3900 Angliee
347 3833 400 3883 hoc
411 3831 569 3898 opuseulum
584 3830 662 3883 vertit
673 3833 793 3899 Oueliap
802 3833 929 3886 Baetonii.
966 3833 1018 3884 Gir.
1029 3838 1056 3884 et
1067 3833 1178 3899 Moyses,
1195 3834 1214 3883 l.
1229 3849 1252 3882 c.
1270 3826 1426 3886 392-424.

260 3901 287 3970 1)
305 3905 349 3954 Fr.
370 3901 395 3954 1.
413 3901 436 3961 ἓ.
455 3900 480 3954 3.
498 3904 530 3953 ir.
548 3899 592 3954 49.
611 3919 650 3969 pr.
671 3900 694 3961 §.
714 3900 738 3953 1.
757 3906 790 3955 D.
808 3906 836 3956 h.
856 3910 874 3956 t
892 3907 923 3954 fr.
935 3901 978 3955 53.
997 3902 1113 3966 u.41‚1
1133 3901 1181 3968 (de
1198 3896 1425 3970 seqren'dom.)

260 3972 288 4039 3)
308 3976 351 4026 ur.
369 3970 411 4024 10.
430 3970 453 4032 ἓ.
472 3971 496 4024 1.
514 3975 545 4024 fr.
565 3970 609 4026 49.
628 3973 652 4034 §-
672 3971 696 4024 1.
714 3975 745 4024 ir.
764 3975 790 4028 3.
809 3976 832 4036 §.
849 3974 874 4028 3.
892 3978 925 4026 ir.
943 3972 986 4027 24.
1005 3971 1036 4026 D.
1054 3977 1081 4027 h.
1099 3978 1119 4024 t.
1137 3977 1170 4026 fr.
1189 3973 1215 4026 9.
1237 3972 1268 4024 D.
1284 3970 1345 4037 6,1
1374 3969 1426 4036 (de

224 4045 264 4098 rei
286 4039 381 4109 vind.)
400 4041 424 4102 6.
441 4040 521 4096 4-6.
541 4044 561 4095 1.
579 4041 607 4107 4,
625 4042 659 4098 15
679 4041 726 4108 (de
744 4043 911 4111 interdictis).
929 4048 961 4098 fr.
980 4045 1004 4100 1.
1024 4045 1047 4105 §-
1065 4042 1109 4098 23.
1129 4042 1161 4100 D.
1180 4043 1225 4108 43,
1244 4043 1278 4098 16
1303 4041 1352 4110 (ue
1371 4039 1422 4107 ni).

225 4119 257 4170 ir.
274 4115 301 4169 3.
321 4115 344 4176 6.
364 4110 389 4166 8.
410 4109 441 4166 D.
458 4111 504 4178 43,
521 4111 555 4166 17
574 4112 625 4180 (uti
643 4115 804 4182 possidetis).

260 4185 288 4252 3)
307 4186 441 4240 Invenitur
465 4186 522 4236 hee
548 4185 680 4238 distinctio
703 4187 732 4238 iu
753 4192 784 4242 fr.
804 4187 829 4242 3.
854 4187 878 4248 6.
897 4184 940 4240 15.
968 4185 998 4238 Ι).
1020 4187 1063 4252 10,
1083 4185 1102 4238 4
1126 4183 1176 4252 (ed
1194 4181 1307 4251 exhib..)
1336 4199 1426 4251 comp.

225 4275 287 4312 oum
303 4261 338 4310 fr.
359 4255 401 4310 16.
421 4254 452 4309 D.
468 4255 514 4318 41,
532 4255 549 4308 3
568 4255 616 4323 (de
633 4254 734 4324 usurp.)
753 4262 783 4312 in
798 4261 831 4312 fr.
850 4259 874 4312 1.
894 4257 952 4320 §.9.
971 4257 1013 4312 10.
1036 4255 1068 4312 D.
1085 4255 1131 4322 43,
1149 4257 1184 4311 16
1200 4255 1249 4319 (de
1266 4253 1314 4319 ri).
1335 4267 1426 4321 comp.

225 4347 286 4384 oum
303 4332 335 4382 fr·
354 4328 378 4382 1·
397 4327 421 4388 t·
439 4325 466 4379 4·
489 4325 519 4378 a.
537 4328 565 4380 11·
582 4333 601 4379 e
619 4331 651 4382 fr.
670 4327 694 4380 1·
713 4327 736 4389 s.
759 4329 785 4384 2.
804 4327 835 4383 u.
852 4328 897 4394 41,
914 4328 933 4384 4
948 4327 1008 4397 (pro
1026 4329 1110 4396 eme).
1128 4327 1211 4384 sea.
1229 4346 1271 4394 ρ..
1291 4324 1324 4382 υ.
1343 4324 1390 4391 ar,
1406 4325 1424 4378 1
1527 4319 1528 4358 t

224 4399 272 4470 (de
290 4401 381 4454 uenae
398 4400 467 4452 inter
483 4399 531 4451 m‘r.
548 4403 575 4452 et
592 4394 691 4463 uxor-l.

259 4469 289 4538 4)
307 4472 351 4523 Fr.
370 4469 395 4523 1.
417 4469 440 4531 1.
459 4467 484 4522 9.
503 4465 537 4522 D.
555 4467 600 4533 43,
620 4467 654 4521 16
673 4470 716 4522 eit

259 4539 287 4608 ὅ)
307 4542 349 4594 Fr.
366 4539 393 4594 3.
412 4539 436 4600 §-
454 4537 480 4592 ὅ.
499 4535 531 4590 D.
548 4539 576 4594 h.
594 4547 614 4592 t
631 4542 664 4592 ir.
682 4538 708 4592 1.
725 4537 749 4598 6.
769 4538 795 4592 9.
817 4535 847 4590 ὓ.
862 4537 909 4603 43,
929 4535 963 4592 11
980 4537 1030 4606 (nti
1047 4536 1140 4608 pose.)
