3098 4966
207 358 260 414 156
536 363 739 406 susurronem
759 364 834 404 sunm
854 363 957 403 nonnus
974 364 1107 407 curvari.-

209 515 270 560 ncc
291 497 323 558 vi
345 495 499 581 retenti1)
538 499 570 556 et
598 510 707 558 omnes
737 493 829 556 simul
861 499 1035 575 presentes
1064 493 1207 558 adhiberi
1239 493 1359 558 debent
1379 497 1417 558 in

210 600 396 660 testamento
421 594 595 658 ordinando
605 594 643 680 l).

251 697 367 781 §.Mb
410 695 479 758 Non
502 701 605 758 tamen
631 711 738 757 omnes
760 699 859 758 testes
881 695 1024 758 adhiberi
1046 701 1189 777 possunt,
1211 696 1269 760 sed
1292 697 1315 760 ii
1337 701 1416 760 tan·
1524 737 1525 784 3

210 805 286 875 tum,
313 815 382 860 oum
404 797 518 877 quibus
540 793 814 858 testamentifaotio
836 800 895 870 est,
917 797 961 858 ita
978 814 1038 858 nec
1059 813 1172 860 servus
1187 815 1246 859 nec
1259 799 1416 880 peregri-

210 915 281 974 nus,
306 914 410 976 neque
432 894 557 972 mulier,
580 913 684 975 neque
706 896 760 975 qui
783 894 979 958 intellectum
991 915 1055 959 non
1067 897 1185 959 habere
1209 897 1415 981 intelligitur,

213 998 311 1061 veluti
333 996 489 1075 impubes,
511 995 662 1071 furiosus,
686 1013 746 1056 nec
759 996 798 1070 is,
821 996 872 1056 cui
886 995 978 1058 bonis
990 997 1191 1059 interdictum
1214 1004 1273 1075 est,
1296 1003 1418 1080 quippe

212 1102 267 1179 qui
279 1117 297 1160 a
309 1096 431 1159 furioso
444 1094 562 1156 distare
582 1111 645 1156 non
660 1094 817 1171 videatur,
841 1100 939 1157 testes
954 1095 1061 1159 idonei
1073 1101 1163 1171 sunt3
1185 1115 1291 1179 neque
1302 1115 1417 1179 porro,

212 1217 305 1280 qucm
327 1197 421 1280 leges
442 1196 552 1258 iubent
571 1198 748 1277 improbum
770 1198 1044 1280 intestabilemque
1064 1215 1148 1277 esse,
1171 1199 1269 1262 vcluti
1291 1199 1331 1261 ob
1346 1199 1417 1260 cri·
1524 1199 1525 1212 ¹

212 1319 283 1362 men
302 1299 464 1380 publicum
486 1299 646 1360 damnatus
657 1299 698 1384 ⁸).

253 1405 284 1483 ξ.
297 1399 370 1466 544.
417 1398 605 1460 intestibus
631 1417 759 1480 quoque
790 1417 853 1462 non
886 1417 959 1462 esse
983 1399 1094 1478 debet,
1125 1403 1179 1481 qui
1203 1401 1235 1482 in
1258 1404 1420 1480 potestate

213 1503 374 1566 testatoris
398 1506 458 1576 est,
482 1517 541 1561 nec
563 1501 590 1560 is
612 1501 644 1562 in
666 1502 756 1562 cuius
778 1505 934 1581 potestate
955 1507 1088 1564 tetator
1100 1503 1170 1581 ipse
1182 1507 1241 1579 est,
1266 1520 1325 1563 nec
1347 1503 1419 1564 ira-

70 1619 81 1641 *
191 1608 280 1678 ter,
311 1618 380 1662 cum
402 1619 440 1662 eo
463 1601 522 1662 sub
546 1599 687 1662 eiusdem
708 1601 806 1680 patris
829 1606 985 1680 potestate
1007 1603 1207 1664 constitutus.
1259 1601 1335 1663 ltem
1357 1619 1422 1664 nec
1524 1661 1525 1676 ,

212 1701 306 1764 heres
329 1701 490 1762 institutus
515 1701 605 1762 testis
628 1701 741 1762 habilis
766 1706 825 1777 εει,
856 1719 915 1763 ηεε
945 1703 972 1762 is
996 1719 1087 1781 quem
1121 1702 1157 1762 in
1176 1707 1333 1782 potestate
1356 1701 1422 1762 ha·
1524 1685 1525 1728 ³

213 1803 278 1878 bet,
301 1800 354 1862 vel
376 1802 409 1861 in
432 1801 523 1862 cuius
546 1806 702 1880 potestate
725 1803 794 1881 ipse
815 1808 983 1877 versatur,
1006 1801 1058 1862 vel
1081 1803 1135 1882 qui
1162 1820 1231 1864 cum
1254 1820 1291 1864 co
1315 1801 1420 1864 eidem
1524 1827 1525 1876 ,

213 1903 364 1983 potestati
386 1901 550 1962 subiectus
571 1907 621 1962 εει
636 1902 677 1987 ⁴).
721 1900 898 1983 Legatariis
921 1907 1023 1964 tamen
1045 1900 1098 1963 vel
1121 1900 1419 1964 fideicommissariis
1524 1977 1525 1984 ἵ

215 2003 426 2064 testimonium
448 2001 636 2084 denegatum
657 2018 719 2062 non
744 2007 811 2078 est,
835 2019 905 2064 cum
927 2019 990 2064 non
1012 2003 1075 2063 sint
1097 2002 1175 2064 iuris
1200 2018 1420 2064 successores.
1524 1995 1525 2080 i

215 2103 325 2183 Neque
344 2102 551 2184 prohibentur
573 2107 670 2164 testes
692 2119 764 2164 esse
787 2103 915 2184 cognati
934 2102 987 2164 vel
1017 2103 1174 2164 testatoris
1209 2099 1262 2164 vel
1291 2100 1421 2164 heredis

215 2203 324 2280 futuri,
347 2221 452 2283 neque
475 2209 583 2266 contra
605 2205 655 2265 ius
677 2209 742 2280 εει,
778 2204 806 2264 εἰ
840 2203 902 2265 duo
925 2209 1023 2264 testes
1047 2203 1105 2265 sub
1133 2201 1242 2264 eadem
1262 2207 1422 2282 potestate

214 2309 289 2366 sunt
309 2303 362 2366 vel
385 2303 466 2366 alter
490 2303 547 2365 sub
570 2303 702 2366 alterius
722 2309 878 2384 potestate
900 2304 1090 2388 constitutus
1112 2309 1160 2365 est
1172 2304 1209 2386 ὗ).

257 2403 376 2484 §.54u
421 2403 558 2466 Testium
584 2409 688 2466 autem
710 2404 777 2466 haec
789 2404 937 2484 qualitas,
960 2410 994 2465 ut
1015 2403 1120 2466 idonei
1145 2407 1217 2482 sint,
1242 2403 1424 2465 testamenti
1524 2479 1525 2492 ,

216 2501 352 2565 faciendi
373 2507 650 2584 tantumtempora
674 2505 869 2584 requiritur,
901 2522 960 2566 nec
981 2509 1199 2566 testamentum
1222 2504 1369 2580 vitiatur,
1393 2503 1424 2564 si
1524 2549 1525 2578 ,

220 2603 273 2665 vel
295 2609 385 2666 antea
405 2603 539 2676 idoneus
562 2607 651 2667 testis
676 2623 738 2666 non
755 2604 857 2667 fuerat
871 2604 923 2667 vel
943 2611 1015 2685 post
1028 2605 1161 2668 idonens
1182 2621 1255 2667 esse
1271 2604 1367 2668 des-iit
1378 2605 1423 2689 ⁶).

259 2707 290 2784 §-
300 2703 372 2770 546.
417 2703 530 2766 Omnes
543 2711 646 2767 autem
662 2709 758 2767 testes
773 2711 898 2786 oportet
908 2706 940 2767 in
954 2711 1125 2786 conspectu
1136 2707 1295 2768 testatoris
1317 2692 1423 2766 officio

217 2803 360 2890 fungi⁷),
388 2809 552 2884 totumque
574 2811 794 2868 testamentum
816 2823 879 2868 uno
902 2812 1050 2868 contextu
1072 2805 1181 2886 perfici
1204 2804 1310 2882 debet,
1334 2806 1367 2868 h.
1390 2822 1422 2866 e.

217 2903 324 2966 nullus
345 2907 433 2966 actus
456 2903 577 2966 alienus
594 2910 778 2969 testamento
802 2907 1073 2984 intermisceatur,
1095 2907 1237 2988 alioquin
1260 2905 1340 2968 illud
1364 2907 1421 2968 vi-

219 3004 364 3090 tiaturfl).
1423 3005 1433 3028 ⁰

261 3105 374 3186 §.Ml
418 3106 647 3170 Testamentum
664 3114 767 3171 autem
787 3114 892 3190 potest
904 3109 1031 3190 scriptis
1053 3107 1156 3185 condi,
1171 3107 1222 3170 vel
1234 3108 1304 3170 sine
1316 3107 1423 3188 scrip-

218 3208 289 3270 tisz-
308 3207 403 3268 scribi
428 3213 531 3270 autem
566 3215 750 3272 testamenta
773 3216 906 3290 possunt
927 3211 959 3271 in
982 3209 1115 3286 tabulis,
1137 3209 1170 3270 in
1194 3207 1299 3270 charta
1322 3225 1424 3270 mem-

219 3309 359 3392 branave
383 3310 434 3371 vel
465 3311 498 3371 in
522 3310 582 3372 alia
603 3311 743 3373 materia.
794 3311 856 3374 Sed
887 3310 1086 3373 scribendum
1112 3315 1161 3372 est
1181 3310 1423 3371 instrumentum

222 3410 318 3471 certis
339 3407 592 3490 vulgaribusque
616 3408 751 3486 litteris,
784 3409 862 3471 nihil
888 3415 998 3472 autem
1021 3411 1172 3485 interest,
1206 3425 1267 3489 qua
1296 3408 1417 3491 lingua.

224 3509 306 3574 Solis
329 3509 505 3572 litterarum
526 3510 608 3571 notis
631 3509 683 3570 vel
704 3511 805 3592 signis
830 3515 1049 3572 testamentum
1074 3509 1170 3571 scribi
1192 3526 1256 3571 non
1278 3507 1421 3591 debelii).

176 3607 178 3614 '
263 3608 377 3690 §·548.
422 3609 565 3670 Testatur
587 3609 655 3687 ipsc
677 3613 895 3670 testamentum
918 3609 1060 3672 scribere
1081 3614 1186 3689 potest
1214 3613 1246 3670 et
1268 3608 1423 3671 eiusmodi

220 3713 439 3770 testamentum
463 3707 710 3789 holographum,
739 3709 771 3770 in
793 3725 855 3790 quo
877 3713 1009 3770 testator
1033 3726 1105 3770 sese
1127 3709 1229 3790 ipsum
1250 3725 1307 3770 sua
1329 3725 1422 3770 manu

221 3810 390 3889 scripsisse
410 3807 488 3869 illud
513 3807 644 3884 notavit,
668 3806 753 3869 valet
774 3809 865 3870 etiam
880 3808 999 3889 absque
1012 3809 1144 3872 nominis
1163 3810 1233 3870 eius
1247 3807 1422 3889 subscrip-

232 3949 429 3959 mnu-..-

259 4047 287 4116 1)
307 4051 350 4102 Fr.
372 4048 416 4101 20.
438 4047 461 4108 ἓ.
484 4046 525 4100 10.
543 4051 577 4099 D.
596 4049 658 4100 aod.
1524 4091 1525 4102 .

256 4119 284 4189 2)
305 4122 327 4181 ἓ.
346 4119 371 4173 3.
390 4123 410 4171 l.
431 4121 473 4170 cit.
491 4123 522 4170 ir.
543 4119 585 4172 20.
606 4119 630 4180 ἓ.
649 4117 674 4170 8.
693 4122 727 4172 D.
747 4119 808 4171 eod.
826 4122 858 4172 ir.
877 4121 902 4174 8.
920 4121 948 4173 in
967 4122 1039 4172 mad.
1059 4121 1087 4174 O.
1106 4119 1132 4184 6,
1151 4118 1185 4172 22
1211 4115 1265 4188 (qul
1282 4123 1425 4172 testamen·
1524 4125 1525 4182 l

219 4195 276 4244 tum
294 4199 385 4247 iacere
403 4187 537 4259 possunt).
1524 4221 1525 4242 1

256 4263 284 4333 3)
308 4265 330 4327 ἓ.
353 4265 378 4316 6.
397 4266 417 4314 Ι.
437 4263 463 4312 h.
482 4265 551 4314 tir.
570 4259 612 4315 20.
633 4257 749 4324 §.4-7.
768 4263 801 4313 D.
822 4261 884 4314 cod.
1000 4260 1030 4330 4)
1050 4261 1074 4323 §-
1097 4259 1121 4313 8.
1143 4259 1168 4313 9.
1188 4260 1230 4313 10.
1248 4261 1324 4312 Lib.

257 4335 285 4404 5)
304 4337 328 4396 ἓ.
347 4335 430 4389 11..Ι.
450 4334 509 4385 eod.
530 4337 562 4385 ir.
584 4332 626 4387 22.
642 4351 682 4401 pr.
700 4335 733 4384 D.
752 4333 789 4383 ib.
1248 4358 1250 4362 ·
1291 4389 1301 4402 ·

257 4407 285 4474 6)
306 4408 329 4468 ἓ.
350 4405 375 4459 7.
394 4407 415 4457 1.
433 4406 469 4456 ib.
487 4407 518 4456 ir.
538 4404 580 4457 22.
601 4404 624 4464 ἓ.
645 4406 667 4456 1.
687 4405 719 4454 D.
738 4405 776 4454 ib.
795 4420 818 4456 o.
838 4403 862 4455 1.
882 4403 912 4454 O.
929 4403 955 4455 h.
975 4409 993 4455 ι.
1027 4432 1029 4438 -
1128 4400 1156 4471 7)
1177 4405 1206 4456 (l.
1226 4403 1251 4456 9.
1271 4401 1300 4454 0.
1320 4403 1381 4455 eod.

257 4479 285 4546 8)
304 4481 348 4530 Fr.
367 4477 410 4532 21.
429 4477 451 4537 ᾖ.
470 4473 495 4526 3.
514 4479 547 4528 D.
569 4477 629 4529 eod.
651 4493 673 4527 o.
692 4475 716 4527 9.
736 4492 758 4526 c.
782 4475 823 4528 21.
845 4491 884 4540 pr.
905 4474 928 4534 ἓ.
947 4475 972 4528 2.
993 4493 1015 4528 c.
1036 4472 1079 4526 28.
1098 4493 1138 4542 pr.
1164 4475 1192 4527 O.
1212 4474 1249 4524 ib.

276 4549 329 4620 )§.
350 4549 392 4602 12.
411 4549 432 4600 1.
453 4548 479 4600 h.
497 4553 515 4600 t.
530 4550 562 4600 ir.
584 4547 627 4600 20.
646 4547 669 4608 ὃ.
689 4547 714 4601 9.
732 4547 766 4598 D.
785 4545 846 4598 eod.
867 4547 898 4597 ir.
917 4545 942 4598 6.
962 4546 985 4606 ἐ.
1003 4545 1028 4598 2.
1049 4547 1083 4597 D.
1103 4543 1148 4610 37,
1169 4546 1184 4598 1
1202 4543 1250 4612 (da
1267 4545 1295 4597 b.
1313 4543 1407 4612 poss).
