3082 4976
108 3209 110 3214 .
204 3141 452 3230 ¹administrari3
483 3154 611 3216 tutelam
631 3154 711 3215 hane
735 3159 766 3214 et
787 3155 926 3233 ipsorum
948 3168 1042 3213 causa
1065 3150 1284 3224 constitutam,
1308 3166 1346 3210 eo
1367 3143 1421 3207 lu-

539 354 737 399 lunisonem
759 353 833 396 ml!
853 355 956 395 ΙΟΙᾹΙΙ
974 356 1095 394 ruituri.

754 501 820 566 nr.
839 501 893 594 u„

553 652 615 718 nu
637 649 816 720 sunnon
834 651 892 718 uu
913 651 1035 720 euna
1049 655 1084 742 ι).

635 803 702 860 mr.
720 807 741 858 1.
778 804 826 860 oa
847 803 1000 874 rurum

184 961 187 971 ·
263 951 294 1030 ξ.
307 945 378 1010 213.
422 945 601 1006 Transimus
625 959 709 1004 nunc
731 941 874 1006 adoliam
888 959 1095 1023 personarum
1118 942 1321 1006 divisionem:
1344 957 1414 1002 narn

223 1067 263 1112 ex
283 1048 333 1110 bis
358 1045 519 1126 personis,
539 1060 608 1123 quae
621 1043 654 1104 in
673 1047 830 1124 potestate
845 1061 908 1106 non
930 1047 1015 1119 sunt,
1037 1042 1179 1124 quaedam
1195 1039 1247 1104 vel
1264 1043 1296 1104 in
1317 1037 1416 1106 tutela

222 1153 306 1224 sunt,
330 1146 383 1208 vel
404 1147 436 1206 in
462 1144 623 1206 curatione
631 1162 640 1218 ;
665 1141 804 1223 quaedam
828 1148 939 1205 neutro
963 1145 1033 1205 iure
1055 1148 1214 1206 tenentur.
1248 1141 1415 1206 Videamus

221 1249 321 1332 igitur
344 1246 384 1308 de
407 1245 474 1319 his,
502 1261 571 1324 quae
594 1243 626 1304 in
648 1241 745 1314 tutela
765 1241 817 1304 vel
841 1244 873 1304 in
896 1243 1059 1306 curatione
1079 1248 1169 1306 sunt:
1197 1243 1240 1305 ita
1262 1245 1344 1305 enim
1361 1241 1415 1304 in-

223 1345 395 1430 telligimus
418 1351 546 1408 eaeteras
569 1359 733 1424 personaS,
757 1360 827 1423 quae
849 1349 962 1406 neutro
985 1345 1054 1406 iure
1078 1349 1235 1406 tenentur.

264 1446 323 1519 Qui
345 1447 394 1508 sui
415 1446 493 1507 iuris
516 1451 604 1522 sunt,
629 1451 758 1526 propter
780 1450 901 1506 aetatem
923 1463 1001 1507 vero
1030 1443 1082 1506 vel
1112 1445 1224 1506 mentis
1247 1440 1417 1520 deiectum,

221 1547 354 1610 aliamve
376 1546 415 1609 ob
436 1563 560 1608 eausam
583 1547 679 1608 rebus
703 1549 770 1608 suis
791 1555 927 1628 praeesse
948 1534 1189 1628 impediuntur,¹
1215 1551 1335 1608 tutores
1363 1549 1419 1606 aut

222 1653 385 1710 curatores
408 1647 525 1710 babere
546 1647 660 1724 solent,
684 1653 830 1726 tanquam
852 1646 1038 1711 defensores
1061 1653 1092 1708 et
1114 1647 1246 1708 tuitores
1271 1657 1418 1726 personae

224 1764 290 1824 suae
310 1766 346 1810 ae
366 1748 533 1825 bonerum,
564 1746 639 1830 lege
660 1749 691 1808 et
714 1749 783 1809 iure
813 1749 1011 1811 constitutos.
1062 1743 1179 1808 Tutelae
1212 1750 1243 1806 et
1271 1761 1354 1806 eurae
1384 1743 1419 1806 in

224 1848 371 1930 plurimis
392 1849 538 1926 diversa,
575 1851 606 1910 in
638 1847 742 1910 multis
776 1865 853 1910 vero
885 1847 993 1910 eadem
1020 1853 1067 1910 est
1095 1849 1192 1920 rali03
1225 1849 1421 1925 quopropter

224 1948 263 2011 de
288 1955 421 2030 utraque
441 1950 571 2029 primum
596 1949 789 2032 singulatim,
813 1947 926 2010 deinde
950 1949 990 2010 de
1010 1949 1070 2025 bis,
1092 1965 1168 2028 quae¹
1180 1947 1308 2026 utrique
1328 1962 1420 2006 com-

227 2051 329 2112 munia
354 2055 437 2126 sunt,
459 2049 552 2112 simul
576 2049 787 2130 dispiciemus.

269 2153 298 2232 §-
312 2149 383 2214 214.
428 2151 654 2230 Antiquissima
685 2152 755 2212 iure
786 2149 873 2211 civili
893 2145 1101 2210 Romanorum
1132 2144 1262 2208 masculi
1293 2143 1420 2224 quidem

227 2249 404 2328 impuberes
426 2257 556 2332 propter
574 2253 672 2314 atatis
695 2250 913 2326 infirmitatem,
937 2249 1059 2312 leminae
1082 2265 1159 2310 vero
1177 2245 1268 2310 etiam
1281 2245 1421 2327 puberes

227 2355 258 2410 et
279 2355 409 2430 propter
435 2368 531 2412 sexus
562 2349 771 2426 infirmitatem
794 2357 825 2412 et
849 2355 979 2430 propter
1002 2345 1172 2410 sorensium
1198 2364 1302 2408 rerum
1324 2347 1422 2428 igno-

226 2452 356 2512 rantiam
380 2457 470 2513 erant
501 2454 532 2513 in
559 2452 675 2526 tutela;
714 2455 803 2514 cuius
834 2451 925 2534 origo
955 2455 987 2511 et
1008 2467 1084 2510 vera
1107 2443 1229 2511 indoles
1253 2465 1293 2508 ex
1317 2445 1420 2506 veteri

225 2550 411 2614 familiarum
434 2551 640 2634 gentiumque
662 2565 746 2613 nexu
768 2547 949 2630 repetendae
970 2553 1055 2610 sunt.
1106 2545 1182 2608 Cum
1212 2549 1294 2609 enim
1315 2547 1422 2626 impu-

225 2655 336 2716 berum
368 2653 616 2732 feminarumque
640 2667 784 2732 personae
811 2653 843 2712 in
874 2649 1011 2732 negotiis
1033 2647 1113 2710 iuris
1138 2643 1244 2710 civilis
1269 2643 1420 2730 gerendis

225 2772 283 2836 pro
315 2753 507 2834 imperfectis
537 2752 749 2827 haberentur,
782 2751 950 2834 agnatione
972 2753 1026 2810 aut
1054 2754 1151 2831 gente
1172 2747 1333 2828 proximus
1356 2745 1421 2808 illis

226 2854 390 2928 accedere,
410 2851 660 2932 auctoritateque
679 2869 735 2913 sua
749 2867 856 2914 eorum
870 2866 1022 2930 personas
1038 2849 1128 2930 quasi
1143 2846 1293 2928 supplere
1317 2851 1349 2907 et
1368 2848 1422 2907 in-

224 2960 353 3036 tegrare
375 2952 519 3018 debebat.
565 2951 704 3032 Cumque
729 2957 914 3034 agnatorum
931 2949 983 3010 vel
1006 2945 1171 3033 gentilium
1185 2947 1224 3034 ²),
1247 2965 1264 3009 a
1287 2945 1361 3030 lege
1382 2943 1422 3008 ad

225 3060 349 3122 illorum
370 3055 529 3118 hereditas
551 3059 753 3129 vocatorum,
782 3057 969 3128 interesset,
1002 3051 1084 3113 bona
1117 3045 1308 3132 pupillorum
1333 3049 1421 3108 recte

227 3260 353 3322 bentius
383 3257 642 3342 susceperuntli.
696 3253 866 3317 Curatores
898 3253 990 3316 bonis
1021 3257 1139 3314 tantum
1167 3241 1421 3313 administrandis

229 3359 398 3434 dabantur,
425 3357 571 3438 personis
593 3358 662 3418 iure
686 3355 812 3435 quidem
834 3355 1017 3435 capacibus,
1052 3351 1108 3414 sed
1143 3351 1226 3413 facto
1249 3347 1420 3428 impeditio,

230 3461 396 3543 quominus
419 3457 516 3520 rebus
547 3459 613 3519 suis
636 3443 821 3537 preessent.
876 3453 953 3528 Quae
985 3453 1112 3516 diversa
1142 3450 1310 3530 utriusque
1342 3446 1422 3508 iuris

232 3558 376 3634 indoles,
399 3558 542 3638 quamvis
571 3555 711 3620 moribus
737 3562 768 3618 et
797 3553 924 3639 legibus
954 3553 1051 3635 apud.
1069 3549 1223 3616 Romanos
1257 3545 1426 3631 plurimum

229 3661 461 3734 immutaretur,
494 3663 628 3720 attamen
659 3658 691 3718 in
720 3656 826 3719 multis
855 3657 947 3718 etiam
977 3653 1140 3717 novissimi
1169 3652 1248 3713 iuris
1279 3645 1423 3712 articulis

231 3761 434 3842 conspicitur.

270 3865 299 3945 §-
309 3861 379 3926 215.
423 3859 577 3922 Definitur
603 3858 701 3944 tutela
725 3859 773 3919 vis
796 3863 890 3937 atque
906 3861 1044 3942 potestas
1067 3855 1098 3915 in
1122 3853 1225 3933 capito
1245 3850 1361 3926 libero,
1382 3847 1425 3910 ad

231 4021 428 4030 —.---—-

265 4100 293 4166 1)
313 4103 376 4155 unsa.
401 4097 447 4152 un
467 4101 491 4152 1.
513 4103 553 4156 ur.
574 4099 687 4154 13-26.
720 4103 779 4168 org.
804 4102 851 4153 uo.
872 4099 913 4152 26.
933 4104 959 4151 at
976 4095 1018 4152 27.
1043 4090 1109 4152 coi.
1129 4097 1176 4150 uu.
1196 4097 1221 4151 5.
1248 4099 1286 4148 ur.
1306 4087 1348 4150 28.
1368 4113 1424 4166 seq.

232 4171 294 4224 (aar.
315 4174 339 4227 1.
362 4167 545 4232 §.itt-200.
582 4169 644 4238 Uip.
663 4173 702 4224 ut.
720 4171 763 4225 11.
785 4171 812 4224 et
830 4172 872 4224 12.

264 4242 292 4309 2)
308 4244 371 4310 Uip.
390 4244 437 4294 XI.
456 4243 480 4294 1.
517 4245 577 4294 lion
597 4242 686 4306 video,
705 4245 878 4311 quaeratione
897 4239 1033 4310 gentilium
1053 4241 1138 4292 tutela
1155 4241 1251 4308 negari
1269 4239 1360 4306 possit.

261 4312 290 4380 3)
310 4315 450 4382 Sequimur
467 4313 571 4366 Leiria·
584 4313 731 4368 Giasoenais
751 4315 785 4366 de
803 4315 891 4366 tutela
911 4315 1013 4382 rodeno
1032 4312 1183 4363 doctrinam
1193 4311 1259 4362 Gaii·
1276 4307 1420 4362 Institutio-

224 4387 303 4439 nibus
321 4387 428 4438 mirifice
452 4385 653 4450 comprobatam
676 4386 811 4454 hodieque
835 4387 870 4436 ab
892 4385 1015 4435 omuibus
1031 4383 1095 4434 iuris
1115 4383 1218 4432 romani
1230 4381 1422 4449 interpretibus

224 4463 365 4524 receptam.
408 4456 470 4507 Vid.
488 4473 511 4506 v.
537 4456 632 4516 Laetor,
664 4454 796 4523 Marpesia
815 4459 869 4523 fttr
895 4455 1004 4523 (ἴσως.
1030 4455 1091 4506 und
1115 4452 1423 4520 Bocbtawiaaomeboft,

224 4534 286 4581 tom.
305 4526 330 4580 3.
348 4545 374 4593 p.
393 4521 545 4578 407-477.
581 4525 643 4576 vid.
661 4528 693 4578 ir.
712 4527 737 4580 1.
755 4543 794 4592 pr.
813 4529 847 4578 D.
867 4523 910 4588 26,
926 4523 954 4577 4.
993 4525 1051 4578 aar.
1073 4525 1098 4578 1.
1119 4523 1142 4584 ἓ.
1161 4521 1221 4577 192.
