3064 4966
545 341 665 386 1111111.
686 343 754 384 rans
767 344 798 382 u.
815 343 874 384 car.
886 342 923 382 rv.
1286 341 1339 402 181

179 471 295 554 §.oto
339 469 441 534 lleres
462 475 565 535 autem
590 473 844 554 quandocunque
868 473 1014 540 adeundo
1037 478 1254 564 hereditatem,
1277 487 1337 551 iam

132 579 200 636 tum
221 592 238 636 a
258 576 359 636 morte
382 574 578 664 successisse
601 573 750 638 defuncto
773 573 977 659 intelligitur,
1000 583 1031 642 et
1054 585 1156 647 omnia
1178 584 1246 648 lere
1267 588 1337 652 iura

133 673 288 738 heredum
310 673 444 754 perinde
464 674 629 752 habentur,
656 694 692 738 ac
712 677 739 739 si
763 677 912 740 continuo
934 679 994 741 sub
1010 685 1134 763 tempus
1151 687 1261 748 mortis
1277 689 1338 750 he-

133 775 229 840 redes
252 777 497 864 exstitissem).
542 775 681 842 Pertinet
701 780 801 862 igitur
822 779 860 842 ad
883 781 1034 846 heredem
1060 789 1093 846 et
1115 786 1146 849 id
1169 787 1255 868 quod
1277 788 1338 853 be-

133 876 263 942 reditati
285 877 469 956 obvenerat,
495 881 616 942 etiamsi
637 881 870 960 possessionem
891 883 960 946 eius
982 883 1119 948 nondum
1142 887 1337 976 babueritt).

179 979 209 1060 5.
220 976 292 1042 641.
335 977 535 1042 Admonendi
556 980 648 1042 etiam
670 995 790 1057 sumus,
814 981 963 1046 heredem
985 984 1175 1050 voluntatem
1197 988 1338 1053 defuncti

135 1077 278 1160 explere,
302 1084 334 1140 et
351 1079 379 1142 si
399 1079 450 1142 bic
471 1081 503 1142 in
528 1086 713 1162 testamento
737 1087 790 1145 aut
810 1085 843 1144 in
868 1083 1024 1148 codicillis
1041 1086 1191 1152 derebus
1209 1089 1338 1155 heredis

135 1180 346 1261 disposuerit,
369 1180 437 1244 eius
460 1181 583 1262 placitis
605 1187 691 1245 stare
712 1181 880 1272 debere³).
925 1186 1027 1250 Semel
1057 1187 1139 1251 adita
1169 1190 1331 1254 hereditas

134 1280 297 1365 repudiari
317 1298 381 1344 non
403 1287 509 1362 potest
521 1284 563 1370 ⁴).
649 1367 654 1382 ,

226 1471 294 1523 ΤΙΤ.
312 1471 359 1524 itt.
395 1471 444 1524 DE
462 1469 662 1524 susurrone
680 1471 892 1526 Iuvtturatttt
911 1474 958 1526 ET
977 1474 1244 1534 SEPARA'HONIS.

179 1569 294 1654 5642.
339 1569 415 1633 Cum
437 1571 549 1648 heres,
574 1571 628 1654 qui
651 1571 859 1634 hereditatem
881 1571 974 1650 adiit,
998 1592 1064 1638 eam
1088 1578 1257 1657 repudiare
1280 1598 1340 1643 ne-

41 1693 54 1710 .
136 1678 244 1754 queat,
269 1679 301 1734 et
322 1672 398 1736 licet
424 1691 460 1736 ea
484 1674 608 1736 nonsit
630 1673 797 1751 solvendo,
824 1673 1028 1740 nibilominus
1050 1677 1211 1761 obligetur
1232 1681 1264 1742 in
1283 1697 1342 1744 so·-

137 1773 255 1848 lidum;
279 1773 424 1855 adeoque
447 1774 541 1836 heres
566 1776 767 1855 quantumvis
790 1775 958 1854 deliberet,
981 1783 1111 1859 propter
1132 1777 1234 1842 latens
1258 1797 1341 1862 sepe

137 1889 182 1936 ers
211 1873 349 1936 alienum
379 1875 411 1934 in
436 1874 580 1937 damnum
609 1874 751 1938 incidere
784 1877 904 1956 possit,
939 1877 1131 1940 lustiuianus
1155 1880 1343 1946 beneficium

136 1974 322 2051 introduxit,
348 1975 430 2055 quod
453 1976 622 2038 inventarii
645 1975 707 2038 dici
730 1975 822 2053 solet,
847 1981 878 2039 et
899 1978 1116 2071 plenissimam
1136 1987 1264 2062 prestat
1279 1983 1341 2045 be-

137 2073 207 2138 redi
230 2077 431 2139 securitatem
444 2077 486 2163 ⁶).
531 2075 676 2138 Efficitur
701 2078 783 2139 enim
805 2079 984 2142 inventario
1007 2078 1147 2163 legitime
1169 2082 1271 2160 lacto,
1301 2102 1342 2146 ne

137 2176 231 2238 heres
253 2174 337 2239 ultra
359 2177 447 2241 vires
469 2177 654 2241 hereditatis
677 2183 823 2242 teneatur
836 2179 876 2266 8).

181 2280 212 2359 5.
224 2276 296 2340 643.
340 2277 397 2340 Est
431 2284 534 2341 autem
566 2279 778 2342 inventarium
812 2279 891 2342 nihil
923 2279 1010 2358 aliud
1041 2282 1102 2344 nisi
1131 2279 1341 2362 repertorium

138 2378 276 2441 omnium
303 2395 409 2442 rerum
434 2378 748 2465 bereditartarumlp.
793 2379 882 2453 Quod
908 2386 942 2442 ut
965 2380 1107 2464 legitime
1130 2381 1199 2458 liat,
1232 2380 1344 2460 requi-

141 2479 233 2557 ritur,
258 2485 293 2541 ut
311 2481 393 2544 intra
416 2481 545 2563 triginta
562 2480 643 2558 dies,
668 2499 707 2542 ex
726 2481 900 2561 quoheres
917 2482 1049 2545 delatam
1067 2483 1126 2545 sibi
1139 2480 1345 2544 hereditatem

142 2582 285 2658 sciverit,
309 2582 488 2658 inchoetur,
512 2587 542 2644 et
565 2583 645 2644 intra
667 2579 747 2644 alios
768 2583 933 2664 sexaginta
949 2582 1028 2660 dies,
1052 2584 1079 2644 si
1096 2599 1148 2644 res
1161 2581 1345 2662 propinque

143 2686 233 2782 sunt,
266 2681 319 2767 vel
346 2684 428 2744 intra
451 2700 565 2745 annum
590 2683 726 2763 aprima
754 2683 904 2759 scientia,
937 2684 964 2746 si
987 2699 1040 2745 res
1065 2681 1195 2765 longius
1219 2678 1342 2753 absunt,

141 2783 334 2864 perficiatur,
355 2782 564 2864 presentibus
586 2781 750 2846 tabulariis
772 2783 886 2862 citatis,
909 2784 983 2845 item
998 2788 1030 2844 et
1045 2780 1253 2864 presentibus
1268 2795 1343 2840 ore-

142 2883 298 2948 ditoribus
322 2888 354 2944 et
376 2883 550 2969 legatariis,
575 2883 785 2964 omnibusque
802 2899 934 2964 quorum
948 2884 1092 2960 interest,
1117 2888 1171 2944 aut
1192 2883 1261 2945 istis
1285 2879 1345 2942 ab·

142 2985 286 3048 sentibus
310 2983 540 3060 coramtribus,
562 2983 686 3065 optimae
709 2984 865 3065 opinionis
882 2984 1028 3062 testibus,
1051 3002 1111 3046 nec
1125 3001 1186 3046 non
1201 2987 1236 3044 ut
1251 2981 1346 3042 heres

144 3103 236 3148 manu
257 3102 313 3147 sua
334 3084 522 3161 subscribat,
544 3101 714 3166 rerumque
736 3087 939 3166 quantitatem
960 3087 1124 3166 exprimat,
1144 3083 1197 3146 vel
1214 3083 1242 3144 si
1261 3081 1345 3142 scri-

142 3188 222 3252 bere
247 3203 310 3250 uon
332 3186 443 3268 possit,
456 3203 486 3283 a
506 3183 661 3248 tabulario
682 3185 840 3248 subscribi
863 3187 971 3248 iubeat
982 3186 1022 3273 ⁸).

189 3289 220 3370 5.
236 3287 308 3351 644.
362 3286 543 3351 inventario
577 3285 718 3371 legitime
748 3287 829 3350 lacto
856 3287 950 3350 heres
979 3284 1112 3367 plurima
1141 3283 1347 3363 consequitur

145 3388 310 3452 beneficia.
354 3385 471 3450 Praeter
491 3387 552 3451 hoc
577 3389 677 3465 enim,
703 3387 787 3468 quod
809 3406 846 3450 eo
870 3393 1029 3469 tempore,
1053 3403 1115 3467 quo
1137 3383 1347 3473 inventarium

147 3488 332 3566 coniicitur,
365 3507 510 3571 nequeo
534 3489 743 3552 creditoribus
769 3489 950 3566 conveniri,
982 3505 1087 3569 neque
1114 3486 1178 3548 ulla
1203 3482 1348 3546 molestia

145 3589 228 3654 aibci
250 3593 351 3672 possit
363 3590 409 3680 ⁹)·
433 3592 638 3655 hereditatem
660 3587 730 3653 sine
751 3589 817 3653 ullo
839 3588 982 3671 periculo
1000 3589 1164 3668 suscipere
1178 3589 1292 3667 potest,
1314 3588 1348 3644 ut

146 3696 345 3707 .....,-..-

181 3755 196 3808 1
227 3755 271 3806 Fr
291 3752 333 3807 54.
352 3757 386 3806 D.
404 3756 430 3806 h.
452 3761 470 3807 1.
491 3758 523 3808 ir.
545 3753 605 3808 138.
624 3753 685 3808 192.
704 3756 737 3806 D.
758 3751 802 3818 50,
822 3751 856 3807 17
878 3751 997 3822 (dereg.
1016 3749 1088 3818 iun).

181 3827 198 3880 2
232 3817 796 3900 Γ150.5.1.116,1((11111111111..)

181 3895 211 3964 3)
231 3898 294 3963 Arg.
316 3913 338 3948 o.
358 3897 382 3950 3.
402 3897 565 3963 corbet
586 3896 731 3963 (derebus
750 3895 864 3964 alienis).
884 3915 906 3950 o.
927 3894 970 3950 14.
990 3896 1019 3948 (1.
1038 3890 1064 3958 8,
1081 3891 1118 3947 45
1135 3891 1182 3960 ((11
1200 3887 1345 3957 adeona).

146 3965 725 4037 111111111111.41.1).13,7(1ορ.1311
743 3967 816 4034 aot..)

180 4040 199 4094 4
229 3987 808 4109 040631((111111(1.11111(1.).

182 4110 199 4165 5
233 4112 262 4163 O
282 4110 324 4162 22
344 4075 416 4176 (1.6,
434 4110 470 4164 30
488 4109 729 4179 (1111111111111
765 4084 857 4164 Simile
875 4110 1033 4162 benedolum
1048 4108 1201 4162 Gordianus
1219 4056 1347 4158 militibus

147 4185 202 4237 iam
222 4181 343 4234 dederat.

183 4250 864 4319 6)5.3.1.2,19(111.1.1.22.54.11111).

183 4321 213 4392 7)
232 4327 295 4390 Arg.
313 4327 345 4376 11.
363 4321 389 4376 7.
407 4341 445 4392 pr.
464 4327 497 4376 D.
516 4323 559 4389 26,
577 4322 593 4377 7
613 4325 660 4392 (de
677 4323 810 4377 administ.
830 4330 857 4377 11
873 4325 953 4392 perio.
972 4323 1042 4391 tut).

182 4393 212 4462 8)
232 4396 261 4448 0.
279 4393 322 4446 22.
343 4395 365 4454 5.
387 4396 411 4448 2.
430 4395 455 4448 3.
484 4397 551 4448 Nov.
572 4397 596 4449 1.
615 4413 638 4448 o.
656 4396 681 4448 2.
700 4394 724 4456 5.
744 4397 768 4449 1.
805 4397 866 4449 Non
885 4399 1038 4466 requiritur,
1068 4400 1098 4447 ut
1124 4393 1245 4446 declaret
1268 4392 1347 4442 heres

149 4466 557 4605 1193101301101111111111111111
574 4469 750 4522 hereditatem
767 4469 839 4521 velle
859 4468 943 4522 adire.
1026 4493 1028 4498 ·
