3098 4966
577 309 695 350 urrann.
708 308 776 346 raas
787 308 808 346 11
816 307 875 344 oar.
883 307 913 348 11,
1322 297 1357 352 93

192 445 311 529 §.334
354 443 416 508 Sed
445 461 515 505 eum
539 434 609 522 quis
639 444 672 504 in
695 460 754 506 suo
777 441 846 506 solo
872 459 912 504 ex
940 442 1041 504 aliena
1064 441 1194 504 materia
1220 439 1360 502 aedifica-

151 548 248 623 verit,
271 548 409 609 materie
429 545 573 608 dominus
586 561 689 624 neque
705 544 879 621 vindicare,
901 543 1063 624 nequead
1086 542 1295 604 exhibendum
1319 543 1358 605 de

153 667 193 711 ea
214 665 314 730 agere
336 652 443 727 potest
464 651 594 726 propter
620 645 724 727 legem
749 669 791 708 mr
815 644 1019 720 Tabularum,
1047 661 1107 724 qua
1136 649 1284 706 cavetur:
1320 663 1360 706 ne

153 751 227 830 quis
249 751 372 831 tignum
394 746 532 808 alienum
555 745 674 807 aedibus
705 740 772 808 suis
796 747 935 807 iunctum
959 747 1098 807 eximere
1122 749 1270 826 cogatur3
1304 745 1359 806 sed

154 851 287 931 duplum
303 867 361 930 pro
380 866 416 910 ea
434 852 566 927 prestat
581 864 639 926 per
654 847 820 922 actionem,
842 863 912 926 quae
928 851 1061 908 vocatur
1077 845 1116 907 de
1134 846 1223 926 tigno
1238 847 1361 920 iuncto;

153 952 253 1031 idque
275 949 349 1012 ideo
372 949 535 1028 provisum
558 952 617 1028 est,
643 965 682 1008 ne
704 946 835 1010 aedilicia
857 947 996 1008 rescindi
1019 961 1153 1007 necesse
1174 947 1224 1006 sit.
1249 944 1362 1008 Diruta

155 1052 290 1114 aedilicio
312 1051 430 1130 poterit
451 1037 769 1123 materiae'dominus,
793 1049 820 1109 si
843 1065 905 1110 non
929 1047 1026 1108 luerit
1051 1045 1179 1125 duplum
1202 1063 1362 1108 conseca-

156 1159 220 1228 tus,
248 1170 317 1215 eam
342 1149 506 1212 vindicare
528 1155 559 1210 et
581 1149 620 1212 ad
643 1149 854 1212 exhibendum
875 1149 914 1210 de
934 1167 969 1212 ea
991 1168 1026 1210 re
1047 1167 1146 1230 agere
1159 1150 1195 1230 1).

199 1257 231 1334 ξ.
245 1253 318 1326 335.
363 1251 411 1312 Ex
434 1251 565 1314 diverso
586 1251 613 1312 si
637 1252 707 1329 quis
730 1251 762 1312 in
788 1250 892 1314 alieno
916 1251 985 1314 solo
1006 1268 1065 1312 sua
1081 1251 1210 1312 materia
1227 1249 1363 1312 redifica-

158 1356 254 1429 verit,
278 1351 465 1415 videndum:
489 1356 592 1412 utrum
614 1351 719 1412 sciens
739 1369 778 1412 an
793 1351 944 1432 ignorans
967 1368 1002 1414 se
1025 1351 1056 1421 in
1078 1351 1188 1439 alieno
1197 1349 1363 1426 aedilicare,

157 1456 283 1518 domum
309 1453 513 1516 exstruxerit.
559 1451 591 1514 Si
621 1452 759 1514 enimin
789 1451 870 1514 bona
897 1451 959 1514 lide
987 1451 1157 1513 edificator
1180 1451 1300 1527 luerat,
1333 1457 1365 1514 ct

157 1557 221 1618 soli
242 1555 385 1618 dominus
411 1557 497 1633 petat
521 1551 663 1628 domum,
697 1551 753 1614 ille
782 1553 814 1614 in
845 1553 1050 1632 possessione
1080 1555 1268 1614 constitutus
1293 1568 1364 1613 eum

158 1675 217 1737 per
241 1655 461 1735 exceptionem
483 1652 548 1714 doli
571 1653 643 1713 mali
665 1652 823 1732 repellero
846 1657 961 1733 potest,
984 1655 1011 1714 si
1027 1655 1163 1732 pretium
1178 1653 1315 1714 materiae
1333 1657 1365 1714 et

159 1755 326 1819 mercedes
351 1755 511 1817 fabrorum
542 1771 605 1816 non
635 1753 749 1816 solvat.
795 1755 827 1818 Si
857 1773 919 1816 non
942 1755 1101 1834 possidet,
1131 1753 1249 1816 nullam
1271 1753 1366 1816 habet

160 1859 316 1919 actionem
337 1861 445 1918 contra
469 1855 627 1918 domiuum
651 1853 758 1931 lundi,
789 1861 820 1916 at
842 1855 946 1918 diruto
968 1855 1099 1919 aedifioio
1122 1859 1268 1918 materias
1290 1859 1365 1918 vin-

48 2035 52 2044 ,
161 1958 271 2020 dicare
295 1954 452 2042 potest2).
508 1954 540 2018 Si
568 1973 646 2017 vero
670 1973 732 2016 non
764 1957 915 2037 ignorans
940 1955 1121 2032 edificavit,
1155 1955 1365 2021 vindicantem

161 2058 321 2120 dominum
343 2073 448 2136 nequo
471 2056 658 2135 exceptione
682 2055 747 2117 doli
773 2057 844 2118 mali
867 2056 1046 2136 repellere,
1077 2075 1136 2118 nec
1159 2055 1263 2118 diruto
1286 2055 1365 2116 aedi-

162 2157 235 2230 boio
260 2158 407 2223 materias
432 2157 594 2219 vindicare
618 2163 739 2236 potest:
763 2159 866 2220 amisit
880 2159 962 2220 enim
978 2160 1115 2222 materiae
1130 2157 1365 2238 proprietatem,

163 2259 238 2340 quia
263 2257 427 2320 voluntate
450 2259 525 2320 eius'
543 2256 733 2340 intelligitur
756 2257 890 2320 alienata
901 2259 939 2344 3).

207 2379 238 2456 ξ.
252 2373 325 2440 336.
369 2359 404 2436 ln
425 2373 521 2434 rebus
535 2373 703 2434 mobilibus
724 2374 908 2436 accessione
925 2374 1127 2454 acquirendis
1144 2375 1366 2458 distinguimus

162 2474 404 2546 adiunctionem,
426 2473 675 2551 comatictionem,
696 2473 903 2553 coasmoaem
923 2480 955 2536 et
977 2474 1241 2554 specificationem.
1277 2476 1382 2548 Quo-1

164 2579 226 2640 ties
252 2579 334 2648 enim
356 2575 483 2636 diversa
507 2592 640 2654 corpora
664 2575 982 2651 adferruminatione,
1014 2575 1283 2655 adplumbatione,
1313 2578 1367 2636 in-

165 2676 304 2740 texendo
327 2675 379 2738 vel
403 2693 594 2755 quocunque
618 2675 680 2738 alio
700 2675 792 2740 modo
814 2677 845 2736 in
867 2693 962 2736 unum
986 2677 1090 2738 iuncta
1114 2675 1253 2753 luerint,
1275 2677 1367 2757 prin-

162 2775 276 2856 cipalis
297 2777 344 2838 rei
366 2782 472 2858 partes
496 2794 567 2838 esse
589 2777 753 2857 incipiunt,
776 2778 1013 2856 inperpetuum
1036 2765 1171 2857 quidem,
1194 2779 1221 2840 si
1244 2781 1287 2841 ita
1309 2797 1367 2841 co-

160 2875 296 2952 herent,
322 2881 357 2936 ut
379 2876 432 2938 vel
454 2877 591 2952 omnino,
615 2876 668 2938 vel
689 2876 777 2938 salva
802 2895 909 2939 eorum
934 2877 1120 2954 substantia,
1143 2880 1284 2959 separari
1307 2897 1367 2942 ne-

166 2981 306 3056 queant3
329 2975 370 3037 ad
394 2981 516 3056 tempus
534 2994 626 3066 uem,
646 2977 770 3056 quando
793 2976 885 3040 facile
908 2984 1104 3058 separantur,
1127 2985 1158 3054 et
1180 2980 1217 3042 ab
1240 2981 1370 3042 alterius

164 3061 214 3141 rei
247 3077 346 3156 priori
379 3076 504 3138 domino
537 3076 576 3138 ad
608 3077 819 3138 exhibendum
850 3084 951 3140 actum
982 3077 1130 3166 luerit4).
1185 3079 1367 3162 Principalis

164 3183 269 3241 autem
289 3195 399 3269 reslea
413 3175 522 3238 haberi
537 3176 641 3254 debet,
664 3179 811 3260 quomis,
837 3179 890 3258 qui
904 3181 1069 3242 coniunxit
1080 3186 1254 3260 utramque,
1277 3183 1368 3260 prin·
1408 3229 1411 3235 .

165 3275 299 3358 cipalem
322 3294 395 3338 esse
418 3275 520 3338 voluit
532 3277 571 3362 ⁵),
599 3277 652 3339 vcl
675 3296 723 3356 ea,
746 3279 815 3340 sine
839 3296 899 3362 qua
921 3280 1019 3341 altera
1039 3280 1215 3342 subsistere
1231 3283 1291 3343 iam
1305 3299 1368 3344 non

166 3381 279 3458 posset
290 3377 327 3458 6),
350 3374 403 3438 vel
427 3377 516 3437 cuius
538 3379 674 3458 propriae
697 3378 856 3457 qualitatis
880 3397 973 3442 causa
996 3379 1094 3442 altera
1119 3381 1284 3444 coniuncta
1309 3389 1368 3460 est,

168 3545 369 3556 aun——u—-a—

195 3638 382 3704 ⁴1)§.29.1.
404 3641 446 3692 eit.
484 3642 513 3694 st
541 3643 618 3694 fundi
647 3644 770 3697 dominus
793 3647 960 3713 subripuerat
983 3648 1100 3712 tignum,
1127 3647 1232 3700 etiamsi
1258 3647 1369 3715 duplum

165 3713 333 3782 prestiterat,
351 3713 524 3765 nihilominus
544 3715 631 3780 diruto
642 3716 751 3767 aedificio
769 3717 871 3782 tignum
884 3716 1021 3770 'vindicari
1039 3725 1134 3784 potest.
1158 3719 1200 3769 Fr.
1215 3718 1239 3770 2.
1256 3720 1289 3770 D.
1298 3717 1369 3783 47,3

167 3783 215 3853 (de
237 3783 311 3848 tigno
330 3782 440 3848 iuncto).
460 3785 482 3844 ἓ.
503 3785 544 3838 19.
564 3787 583 3836 Ι.
604 3784 631 3850 4,
651 3787 664 3837 1
689 3787 735 3852 (de
755 3789 835 3853 oblig.
856 3805 914 3856 quae
933 3807 968 3841 ex
987 3789 1105 3857 delicto).

203 3851 231 3921 2)
251 3853 274 3912 ᾗ.
293 3849 336 3904 30.
354 3855 375 3906 Ι.
395 3857 421 3906 11.
439 3861 457 3906 t.
476 3859 508 3908 fr.
528 3855 569 3908 14.
588 3857 622 3908 D.
640 3855 685 3920 44,
703 3855 721 3908 4
739 3855 786 3924 (de
805 3866 909 3926 except.
931 3861 986 3912 doli
1002 3859 1086 3928 meli).
1115 3863 1147 3912 fr.
1167 3859 1209 3912 33.
1238 3863 1272 3911 D.
1291 3859 1369 3926 12,o

167 3927 214 3992 (dc
235 3925 350 3976 condiet.
368 3924 499 3992 indebiti).

203 3995 231 4063 3)
251 3993 324 4053 §.33
343 3997 363 4046 1.
382 4000 407 4048 b.
427 4003 445 4049 t.
466 3998 534 4050 Sunt
553 4003 644 4050 tamen
660 3999 738 4050 huius
753 3999 775 4059 ἓ.
793 4002 891 4066 regulae
912 4002 1100 4066 restringendae
1119 4018 1154 4053 cx
1173 4003 1205 4054 fr.
1214 3999 1256 4053 37.
1275 4005 1308 4054 D.
1316 4001 1369 4066 6,1

168 4070 215 4136 (de
234 4069 263 4117 a.
282 4067 338 4130 V.).
356 4069 388 4120 r'r.
409 4066 451 4120 55.
474 4068 530 4130 §.L
549 4073 582 4122 D.
603 4071 645 4134 19,
663 4070 679 4122 2
699 4068 811 4137 (locati).
831 4088 853 4122 o.
873 4071 897 4122 2.
916 4071 941 4124 5.
962 4073 1027 4136 (1.3,
1046 4073 1080 4125 32
1100 4071 1146 4138 (de
1164 4075 1204 4124 rei
1222 4071 1368 4137 vindicat).

167 4141 228 4194 Sec.
252 4155 274 4189 e.
297 4136 321 4188 2.
349 4138 379 4188 C.
397 4139 422 4202 3,
437 4137 472 4192 32
495 4140 621 4193 dissoluti
645 4143 747 4193 aedilicii
765 4144 877 4193 materia
902 4146 981 4195 etiam
1007 4146 1040 4196 ad
1063 4161 1133 4207 eum,
1151 4145 1195 4212 qui
1219 4147 1291 4196 mala
1316 4145 1369 4195 lide

167 4209 317 4272 edificavit,
336 4209 414 4273 redit,
435 4212 457 4262 si
474 4227 529 4262 non
549 4213 668 4266 donandi
687 4215 775 4264 animo
794 4214 823 4264 id
844 4220 1020 4268 exstruxerat.
1214 4223 1217 4230 ’

184 4279 273 4406 ἒῂὲ.
288 4278 334 4414 ἐξ.
358 4283 379 4332 1.
399 4283 435 4333 ib.
462 4285 493 4334 fr.
513 4281 556 4335 25.
580 4285 603 4343 ἓ.
622 4283 647 4337 5.
659 4285 699 4335 ·D.
720 4283 750 4346 6,
771 4283 785 4335 1
813 4283 860 4350 (tle
884 4288 922 4338 rei
945 4285 1037 4354 vind).
1062 4288 1094 4337 fr.
1115 4284 1140 4338 6.
1159 4289 1192 4339 D.
1213 4284 1299 4350 10,4
1322 4284 1369 4354 (ad

166 4372 183 4408 e
223 4355 286 4404 ion
308 4389 335 4402 ..

203 4422 230 4490 5)
250 4426 292 4475 Fr.
314 4421 356 4476 20.
375 4424 408 4474 D.
427 4421 472 4488 34,
491 4422 507 4476 2
528 4422 575 4489 (de
595 4440 661 4477 auro
679 4420 810 4491 argento).

205 4495 233 4562 6)
251 4495 294 4545 Fr.
314 4493 357 4548 23.
376 4495 398 4556 §-
417 4493 442 4547 3.
462 4497 495 4547 D.
518 4493 577 4559 6,1
599 4495 645 4563 (de
663 4499 701 4548 rei
719 4495 813 4563 vind).
