3064 4966
531 327 613 372 airu
632 327 663 372 n.
682 328 749 372 rent
770 327 801 376 tt·
821 328 880 370 w·
900 327 927 370 v.
1281 323 1333 382 133

163 467 196 544 ξ.
209 463 282 528 701.
326 460 360 524 Si
384 457 443 522 sub
466 454 646 520 conditione
666 457 708 520 sit
727 455 866 538 tegetum
885 456 1041 534 relictum,
1064 475 1126 524 non
1147 461 1236 540 prius
1262 463 1331 528 dies

122 562 223 646 legati
245 563 348 636 cedit,
373 578 464 641 quarn
486 557 624 619 conditio
649 556 747 618 inerit
769 557 914 638 impieta,
938 575 978 620 ne
1001 559 1148 638 quidem,
1176 563 1203 626 si
1226 582 1264 628 ea
1287 567 1330 632 sit

121 663 283 740 conditio,
315 679 385 744 que
408 663 441 726 in
462 663 619 740 potestate
641 659 683 720 sit
703 659 850 740 legatarii
865 659 911 744 ¹);
945 677 1005 722 nec
1034 666 1124 724 antea
1158 663 1328 744 quidquam

122 765 344 828 transmittitur
357 762 398 848 ¹).
442 760 528 822 ldem
551 757 729 834 dicendum,
751 760 778 822 si
802 758 870 822 dies
894 761 1033 822 incertus
1055 759 1163 843 legato
1184 763 1327 830 adiectus

121 867 174 942 sit,
197 865 314 946 quippe
336 864 390 944 qui
415 879 474 944 pro
497 859 678 924 conditione
702 859 889 946 habetnr³).
934 859 996 926 Sed
1019 862 1045 922 si
1062 862 1267 944 impossibilis
1284 868 1328 932 sit

122 964 274 1040 conditio,
296 964 349 1028 vel
372 982 421 1039 ea,
444 979 536 1044 quam
560 960 838 1037 Praetorremittit,
860 962 963 1022 statim
986 961 1055 1026 dics
1078 962 1162 1026 cedit
1170 983 1179 1038 ;
1202 966 1276 1028 item
1298 967 1327 1030 si

121 1083 183 1150 qua
207 1064 347 1126 conditio
370 1069 438 1140 est,
474 1079 543 1142 quae
573 1079 631 1142 per
661 1060 848 1143 legatarium
878 1079 942 1124 non
965 1067 1045 1139 stat,
1075 1065 1241 1144 quominus
1264 1066 1326 1127 im-

119 1166 256 1248 pleatur,
278 1164 335 1228 sed
356 1183 414 1246 per
435 1162 584 1227 heredem
607 1167 661 1223 aut
681 1180 738 1242 per
759 1163 829 1224 eius
853 1179 1044 1242 personam,
1069 1166 1097 1228 in
1130 1181 1191 1244 qua
1221 1167 1326 1230 iussus

120 1271 172 1328 est
195 1283 307 1346 parere
329 1264 501 1328 conditioni
509 1282 518 1337 ;
544 1263 690 1343 quoniam
712 1281 770 1344 pro
790 1262 916 1342 impleta
938 1263 1091 1338 habetur3
1117 1265 1191 1329 itern
1214 1267 1241 1327 si
1261 1283 1325 1330 non

122 1383 278 1447 expresse
300 1365 439 1442 adiecta,
472 1363 529 1426 sed
547 1365 643 1434 tacite
667 1365 750 1426 inest
773 1363 930 1438 conditio;
962 1370 1015 1426 ant
1037 1381 1107 1446 que
1130 1367 1162 1428 in
1184 1382 1324 1447 presens

120 1465 177 1530 vel
198 1469 230 1528 iu
253 1466 447 1547 preteritum
471 1463 583 1528 collata
606 1469 672 1526 est:
696 1481 765 1526 nam
795 1465 827 1526 in
852 1465 995 1528 omnibus
1022 1465 1071 1528 his
1096 1466 1221 1528 casibus
1244 1485 1323 1548 pure

119 1567 267 1630 relictum
288 1571 337 1628 cst
356 1565 496 1650 legatum
509 1565 548 1650 4).
593 1563 622 1626 is
648 1565 698 1626 cui
721 1565 779 1626 snb
802 1564 982 1628 conditione
996 1583 1059 1629 non
1081 1564 1228 1643 faciendi,
1251 1583 1321 1646 quur

120 1672 222 1730 morte
243 1665 389 1750 legatarii
410 1671 528 1726 tantum
548 1665 665 1740 linitur,
687 1664 806 1744 aliquid
828 1665 972 1728 relictum
994 1671 1051 1742 est,
1075 1665 1219 1728 Muciana
1242 1684 1320 1728 cau-

120 1769 208 1830 tione
231 1786 347 1830 cavere
370 1767 464 1829 debet
486 1768 527 1841 ei,
550 1765 589 1827 ad
615 1783 708 1846 quem
731 1765 897 1827 deficiente
919 1765 1099 1828 conditione
1123 1766 1154 1830 id
1184 1765 1322 1852 legatum

120 1871 281 1951 pertinere
304 1873 419 1949 potest,
442 1868 470 1928 si
493 1868 522 1928 ei
542 1884 604 1928 non
628 1871 804 1946 pareretur,
829 1883 864 1927 se
886 1867 1105 1928 restituturum
1121 1865 1159 1954 ⁶).

165 1973 195 2053 ξ.
211 1970 282 2034 702.
326 1969 386 2031 Die
408 1969 540 2030 cedente
563 1969 701 2049 tegetum
725 1966 777 2028 vel
800 1965 1072 2038 fideicommissum
1094 1966 1250 2050 legatario
1273 1968 1327 2030 vel

121 2070 409 2134 fideicommissario
430 2071 500 2150 ipso
521 2070 591 2130 iure
615 2069 801 2149 acquiritur,
826 2067 998 2148 eademque
1021 2068 1089 2130 iere
1112 2069 1234 2130 ratione
1256 2069 1326 2130 eius

121 2169 166 2247 iit,
191 2189 252 2252 qua
272 2155 433 2232 heredites
454 2171 505 2231 sui
527 2169 654 2231 heredis
677 2185 748 2230 esse
768 2169 887 2249 incipit.
933 2168 1043 2248 ltaque
1059 2173 1091 2230 et
1106 2169 1325 2252 ignorantibus
1398 2145 1405 2166 ’

121 2272 289 2354 legatariis
318 2271 528 2333 emolumenta
558 2287 598 2332 ex
622 2272 812 2332 testamentis
837 2275 1023 2349 queruntur
1054 2275 1086 2332 et
1116 2270 1154 2332 ad
1188 2269 1323 2334 heredes

120 2387 232 2433 eorum
262 2370 515 2432 transmittuntur
527 2372 567 2456 ⁶).
617 2371 761 2432 Attamen
793 2371 820 2430 si
850 2368 990 2452 legatum
1017 2369 1055 2431 ad
1089 2387 1147 2432 nos
1178 2370 1323 2433 relictum

121 2471 379 2534 constituerimus
401 2467 488 2531 nolle
510 2469 548 2532 ad
561 2486 619 2531 nos
641 2469 852 2556 pertineret),
874 2488 932 2550 pro
954 2488 992 2532 eo
1016 2472 1087 2546 erit,
1109 2471 1199 2550 quasi
1216 2489 1256 2534 ne
1272 2470 1323 2533 le-

120 2577 229 2655 gatum
259 2571 385 2651 quidem
416 2571 475 2633 sit:
511 2589 580 2632 nam
608 2571 776 2652 repudiare
806 2570 857 2632 vei
887 2575 1030 2633 omittere
1060 2569 1199 2653 legatum
1235 2569 1319 2634 licet.

120 2673 170 2736 Ex
191 2671 347 2754 postfacto
377 2671 477 2752 igitur
511 2670 648 2752 pendet,
680 2689 719 2732 an
747 2669 887 2752 legatum
919 2673 1035 2732 exitum
1064 2670 1325 2734 habeat'neene:

120 2773 151 2836 si
175 2773 258 2835 enim
280 2771 452 2854 legatarius
475 2771 630 2852 repulerit
653 2791 669 2833 a
693 2787 728 2833 se
751 2771 908 2854 legatum,
939 2769 1097 2850 nunquam
1127 2773 1195 2834 cius
1225 2773 1324 2836 inisse

119 2872 267 2935 videtur:
298 2873 326 2935 si
349 2889 410 2933 non
432 2873 597 2952 repulerit,
623 2889 662 2934 ex
684 2872 736 2935 die
758 2872 850 2935 adite
872 2871 1056 2934 hereditatis
1079 2889 1131 2935 res
1160 2875 1229 2936 eius
1252 2890 1324 2938 esse

122 2973 317 3057 intelligitur
328 2973 366 3062 8).

165 3078 196 3156 §-
212 3073 283 3138 103.
327 3073 514 3156 Legatarius
537 3079 640 3135 autem
663 3091 720 3154 pro
739 3079 828 3154 parte
850 3077 1027 3155 acquirere,
1049 3095 1106 3158 pro
1123 3081 1211 3158 parte
1225 3093 1324 3158 repu-

118 3175 210 3238 diare
233 3175 373 3256 legatum
394 3192 458 3237 non
481 3179 605 3255 potest:
637 3174 773 3236 heredes
799 3176 868 3237 eius
893 3193 971 3238 vero
999 3183 1150 3257 possunt,
1184 3183 1218 3237 ut
1240 3175 1322 3239 altar

119 3279 243 3356 partem
276 3275 345 3336 eius
376 3276 539 3355 acquirat,
573 3274 654 3336 alter
685 3276 832 3356 repudiet
843 3276 879 3358 ⁹).
924 3277 985 3340 Sed
1013 3281 1040 3340 si
1066 3279 1117 3339 oui
1141 3294 1192 3339 res
1217 3277 1326 3359 legata,

118 3375 230 3451 fuerit,
252 3380 284 3437 et
304 3377 430 3437 omnino
453 3393 494 3438 ex
515 3381 604 3457 parte
626 3375 763 3438 voluerit
786 3394 873 3440 suam
897 3394 980 3454 esse,
1002 3384 1097 3442 totam
1119 3378 1254 3460 acquirit
1267 3377 1321 3462 ²⁰).

118 3475 328 3556 Repudiatum
354 3476 451 3540 semel
474 3475 612 3560 legatum
634 3479 800 3558 acquirere
825 3495 887 3542 non
909 3495 1094 3560 possumus,
1127 3481 1188 3543 nisi
1211 3477 1320 3542 eadem

157 3660 185 3726 1)
206 3660 249 3710 Fr.
269 3657 294 3712 5.
313 3658 336 3718 ἓ.
355 3657 380 3711 2.
402 3654 432 3709 D.
451 3659 478 3710 h.
497 3663 515 3710 t.
536 3659 568 3710 ir.
586 3655 630 3710 41.
654 3653 767 3722 0.35,1
786 3655 835 3721 (de
854 3657 1019 3726 condition).
1038 3676 1060 3713 o.
1081 3660 1105 3712 1.
1125 3659 1148 3721 §-
1166 3659 1191 3714 6.
1212 3660 1241 3712 0.
1251 3659 1277 3724 6,
1286 3656 1320 3712 51

120 3733 170 3801 (da
190 3733 252 3783 cad.
271 3727 350 3796 toll.).

154 3802 172 3856 3
203 3805 246 3856 Fr.
264 3799 290 3856 4.
308 3820 347 3870 pr.
371 3797 400 3852 D.
418 3801 445 3852 h.
464 3805 482 3854 t.

155 3873 172 3928 3
202 3878 246 3928 Fr.
267 3873 308 3928 21.
327 3872 370 3926 22.
392 3869 422 3924 [t.
440 3873 501 3924 eod.
521 3874 553 3924 ir.
573 3869 614 3924 75.
637 3868 666 3924 D.
685 3869 728 3938 35,
748 3872 763 3926 1
783 3870 831 3938 (de
849 3873 927 3924 cond.
946 3878 973 3926 et
992 3873 1157 3939 damonem).
1232 3931 1233 3936 .

154 3943 184 4010 4)
202 3947 246 3998 Fr.
263 3943 287 3998 5.
308 3945 330 4006 fi.
352 3940 430 3998 3-5.
446 3946 477 3996 fi.
498 3943 522 3996 6.
540 3944 562 4004 ἓ.
587 3941 610 3996 1.
629 3946 661 3996 fr.
679 3943 722 3996 22.
742 3945 764 4006 ἓ.
787 3943 811 3996 l.
830 3946 864 3995 D.
883 3944 910 3996 h.
927 3950 946 3996 t.

154 4014 184 4141 53)
202 4018 245 4070 Fr.
257 4013 308 4142 11086.
328 4013 360 4134 DD
378 4012 421 4079 35,
441 4013 455 4068 1
477 4014 525 4082 (de
544 4015 643 4068 condit.
664 4021 690 4070 et
709 4015 873 4081 demonstr).
897 4018 928 4068 ir.
949 4013 973 4068 7.
993 4027 1031 4086 pr.
1056 4017 1080 4078 d.
1101 4015 1125 4070 1.
1144 4019 1175 4070 fr.
1195 4011 1238 4070 73.
1258 4015 1318 4070 101.

117 4089 141 4150 fi.
182 4091 237 4140 .ir.
310 4126 316 4140 .
363 4089 449 4140 ‚eod
604 4143 607 4150 ,

155 4157 184 4224 6)
205 4161 248 4212 Fr.
266 4157 309 4212 77.
326 4158 349 4220 ἓ.
367 4157 393 4212 3.
414 4153 445 4210 D.
463 4153 507 4210 37.
525 4174 548 4212 c.
567 4156 594 4210 6.
611 4157 640 4210 C.
659 4159 685 4210 h.
704 4163 723 4208 t.
743 4153 781 4222 (6,
799 4153 853 4222 53).
890 4156 958 4209 Inde
981 4162 1007 4209 at
1023 4158 1123 4214 furioso
1141 4161 1259 4226 legatum
1279 4165 1319 4210 tr.-

118 4234 172 4285 cite
193 4232 344 4300 acquiritur.
363 4247 386 4282 o.
404 4226 429 4282 7.
447 4228 470 4288 6.
488 4227 514 4280 8.
532 4229 557 4282 9.
576 4229 606 4280 O.
624 4225 650 4292 5,
667 4225 702 4281 70
722 4227 770 4294 (de
789 4232 901 4280 curator.
920 4225 1033 4293 furios).

154 4299 184 4366 7)
202 4304 245 4354 Fr.
264 4301 307 4358 38.
326 4301 349 4362 §-
371 4301 395 4354 1.
414 4299 445 4352 D.
464 4300 508 4355 30.
544 4300 649 4352 Idcirco
667 4316 723 4354 uon
740 4300 937 4354 contunduntur
956 4301 1095 4355 servitutes
1114 4307 1141 4356 st
1157 4304 1277 4371 pignore.

154 4369 184 4439 8)
202 4375 246 4426 Fr.
264 4371 354 4510 44.)§.
374 4373 397 4426 1.
415 4377 447 4428 tr.
465 4371 508 4426 86.
530 4369 595 4434 83
617 4367 647 4422 D.
666 4369 710 4423 30.
728 4373 760 4424 ir.
781 4370 806 4424 1.
825 4370 847 4432 6.
869 4370 894 4424 6.
915 4368 945 4424 Ι).
963 4369 1042 4436 38,5
1068 4370 1102 4438 (ai
1122 4375 1187 4444 quid
1202 4375 1229 4426 iu
1248 4375 1319 4426 frau-

119 4446 183 4499 dem
220 4447 327 4498 atroni.
1113 4475 1123 4490 .

155 4513 183 4582 9)
200 4463 246 4568 IF’i.
265 4514 309 4570 38.
326 4532 365 4584 pr.
386 4511 417 4567 D.
438 4513 482 4568 30.
501 4515 533 4565 fr.
551 4510 576 4566 4.
595 4512 621 4566 6.
644 4509 674 4567 D.
693 4511 737 4568 31.
838 4513 883 4580 10)
904 4514 946 4566 Fr.
966 4512 1008 4568 58.
1029 4511 1059 4566 D.
1078 4513 1121 4570 31.
