3082 4976
634 369 827 410 rxrncaucrro.
1294 361 1329 416 18

129 501 212 566 nibil
235 503 361 564 omnino
384 502 571 564 arcessitum
584 501 711 564 videtur
724 503 765 586 ¹),
784 481 889 581 neque
915 503 981 564 bec
1004 506 1134 566 extensa
1156 508 1205 564 est
1226 503 1331 587 legis-

129 603 220 680 latio,
241 619 346 681 neque
367 603 464 664 totius
485 603 564 664 iuris
586 601 778 678 reformatio,
799 601 856 665 sed
879 603 979 684 magis
996 607 1101 664 mutua
1117 602 1199 664 inter
1221 602 1329 682 populi

128 703 260 767 ordines
281 704 460 765 conventio.
504 701 646 765 Laudant
666 708 793 766 veteres
816 704 894 765 hanc
915 702 1072 789 lagem2),
1094 703 1184 766 cuius
1210 708 1328 766 textum

127 804 328 868 recentiores
349 804 521 866 restituere
546 803 799 892 tentaverunti).

173 910 204 991 ξ.
215 905 269 972 43.
313 903 405 966 lnitio
416 903 444 990 ⁴)
466 905 603 968 civitatis
623 903 768 966 Romanae
789 903 931 984 populus¹
950 907 1019 968 sine
1041 904 1115 987 lege
1138 911 1235 982 certa,
1259 908 1329 970 sine

129 1012 201 1072 iure
227 1012 315 1070 certo
336 1007 469 1086 primum
491 1024 589 1088 agere
611 1007 808 1081 instituerat,
839 1007 1005 1085 omniaque
1032 1021 1124 1068 manu
1156 1025 1173 1069 a
1196 1007 1329 1088 regibus

129 1107 400 1193 gubernabantur.
454 1105 563 1170 Postea
592 1112 683 1172 aucta
716 1105 754 1168 ad
789 1105 925 1185 aliquem
956 1106 1079 1169 modurn
1112 1107 1239 1170 civitate
1259 1109 1329 1187 ipse

128 1207 283 1272 Romulus
315 1209 406 1292 leges
433 1210 568 1270 curiatos
588 1207 736 1288 quasdam
760 1205 798 1268 ad
819 1204 967 1287 populum
991 1206 1072 1268 tulit.
1124 1206 1276 1271 inierunt
1298 1215 1330 1270 et

130 1315 305 1392 sequentes
325 1325 432 1392 reges.
477 1308 553 1381 Quae
576 1325 684 1371 omnes
706 1309 893 1388 conscriptae
915 1309 1060 1370 extabant
1080 1310 1112 1370 in
1135 1308 1217 1372 libro
1242 1310 1328 1374 Sexti

129 1411 257 1492 Papirii,
281 1410 599 1490 Tarquiniisupcrbi
621 1412 739 1484 coevi3
761 1410 815 1490 qui
839 1408 920 1471 liber
942 1411 992 1470 ius
1013 1408 1108 1472 civile
1132 1408 1328 1490 Papirianum

129 1514 359 1596 appellabatur.
408 1511 534 1574 Exactis
559 1510 673 1573 deinde
694 1511 824 1593 regibus
855 1510 928 1594 lege
962 1510 1123 1573 tribunitia
1150 1529 1258 1576 omncs
1283 1513 1331 1576 bae

129 1615 223 1696 leges
256 1611 483 1688 exoleverunt,
523 1613 701 1692 iterumque
739 1613 834 1692 coepit
862 1610 998 1692 populus
1031 1630 1179 1676 romanus
1208 1616 1329 1676 incerto

129 1716 231 1797 magis
252 1714 322 1775 iure
345 1718 377 1775 et
398 1712 629 1776 consuetudine
651 1711 755 1792 aliqua
785 1713 830 1774 uti
858 1729 949 1793 quam
971 1714 1088 1792 perlata
1111 1712 1205 1796 lege,
1228 1713 1330 1777 donec

128 1812 188 1875 Xll
209 1811 334 1875 'Pabula
356 1811 643 1875 conscriberentur.

173 1915 206 1994 ξ.
219 1912 272 1978 44.
316 1911 372 1974 llis
391 1910 517 1994 legibus
539 1912 611 1974 latis
634 1911 819 1974 naturaliter
833 1913 950 1989 evenit,
973 1918 1007 1972 ut
1026 1913 1245 1993 interpretatio
1270 1913 1330 1976 de-

128 2013 326 2076 sideraretur
348 2018 387 2074 et·
402 2011 463 2075 lori
486 2011 666 2092 disputatio.
710 2011 749 2074 Et
771 2031 810 2074 cx
829 2013 940 2074 iisdem
962 2011 1088 2094 legibus
1101 2031 1173 2076 mox
1190 2015 1329 2077 actiones

128 2113 312 2193 composilae
337 2117 421 2188 sunt,
456 2111 571 2192 quibus
595 2113 677 2174 inter
700 2129 735 2174 se
757 2111 897 2174 homines
921 2111 1151 2192 disceptarent,
1180 2119 1212 2176 et
1235 2115 1330 2176 insti·
1450 2110 1455 2121 ’

128 2218 206 2276 tutae
225 2218 301 2274 sunt
321 2212 404 2295 legis
426 2213 577 2276 actiones.
632 2211 774 2286 Omnium
797 2219 899 2276 autem
918 2212 1027 2274 harum
1050 2219 1081 2276 et
1102 2214 1330 2296 interpretandi

129 2314 265 2374 scientia
296 2317 328 2374 et
358 2315 498 2375 actiones
523 2313 606 2394 apud
629 2312 800 2395 collegium
821 2313 1001 2394 pontificum
1030 2320 1129 2390 erant,
1153 2314 1329 2394 exquibus

129 2411 393 2489 constituebatur,
417 2414 487 2493 quis
511 2431 638 2494 quoquo
663 2431 744 2476 anuo
768 2419 920 2494 praeesset
950 2415 1099 2495 privatis:
1132 2419 1163 2476 et
1192 2413 1328 2496 populus

128 2515 222 2575 annis
243 2531 344 2595 prope
369 2519 492 2576 centum
516 2515 574 2576 hac
598 2514 828 2578 consuetudine
852 2532 929 2580 usus
951 2521 1000 2577 est
1011 2515 1050 2602 ⁵).

127 2684 191 2736 ΤΙΤ
206 2685 247 2736 .11.
292 2685 342 2735 DE
361 2685 574 2739 Pxoosassti
595 2685 691 2740 IURIS
709 2687 850 2738 BOMANI
868 2687 916 2738 Ex
933 2688 982 2739 EO
1002 2688 1182 2753 TEMPORE,
1202 2687 1323 2752 USQUE

489 2778 539 2827 nn
558 2777 746 2830 crcunoms
764 2773 963 2844 mrarnnq.

356 2911 384 2948 A.
403 2911 428 2952 it.
449 2865 473 2952 g.
489 2911 547 2950 000.
573 2929 591 2938 -
621 2912 680 2954 boi..
702 2912 728 2952 Α.
747 2911 817 2948 Abin
836 2911 896 2954 clix.
915 2909 1004 2948 ῦῦῦῦῑι.
1023 2928 1055 2937 -
1078 2909 1102 2946 0.

171 3015 266 3097 §.do
309 3016 383 3080 Post
402 3017 713 3098 tempusduodecim
733 3017 920 3080 Tabularum
941 3035 994 3079 res
1016 3017 1170 3080 Romanas
1198 3017 1230 3077 in
1260 3013 1327 3076 dies

127 3116 273 3178 crevisse
306 3135 343 3178 ao
364 3117 546 3198 reipublice
568 3124 681 3180 statum
700 3136 791 3200 quam
811 3120 960 3180 maximas
981 3118 1106 3180 subisse
1130 3117 1328 3191 mutationes,

127 3232 221 3278 nemo
242 3223 301 3292 est,
327 3219 379 3297 qui
403 3218 540 3300 ignoret.
565 3218 771 3282 Tribunorum
785 3236 844 3298 ope
865 3218 1003 3282 detracta
1018 3216 1159 3298 patribus
1176 3215 1327 3296 potentia,

126 3331 228 3395 penes
250 3315 373 3396 plebem
395 3335 513 3382 summa
536 3318 726 3399 respublica,
749 3317 879 3398 aequalis
903 3322 1038 3381 ornnium
1061 3319 1175 3380 civium
1198 3315 1327 3378 libertas

130 3432 205 3478 esse
230 3419 336 3498 coepit.
381 3416 516 3481 Civitate
540 3420 581 3480 ita
605 3419 792 3494 constituta,
819 3423 947 3486 strenua
970 3417 1176 3480 Romanorum
1194 3416 1226 3476 in
1250 3431 1327 3494 pace

166 3619 194 3680 1)
213 3621 371 3674 aliodem
388 3621 412 3682 b.
432 3617 545 3675 15-17.
565 3621 617 3688 (De
637 3622 679 3674 his
697 3622 807 3673 multum
828 3616 983 3688 disputant).
1009 3619 1112 3674 Walter
1132 3620 1154 3684 1,
1173 3617 1196 3680 ἓ.
1209 3617 1325 3673 ili-bl.

128 3695 165 3758 11,
184 3689 278 3754 §.403
318 3693 420 3760 Meyer
439 3692 462 3754 ἓ.
477 3690 519 3744 17.

134 3769 138 3776 '
165 3761 194 3828 2)
213 3763 305 3816 Cicero
325 3765 359 3816 de
379 3769 484 3816 oratore
504 3765 525 3827 1,
543 3761 658 3816 43-44.
696 3763 774 3816 Tusa.
792 3761 818 3825 3,
839 3759 881 3814 27.
920 3760 1084 3826 corausto,
1103 3761 1128 3814 1.

165 3833 194 3897 3)
211 3835 281 3888 Vide
298 3837 406 3888 illarum
424 3835 538 3888 indicem
557 3835 631 3903 apud
648 3835 834 3897 Hauboldum,
852 3836 915 3886 lust.
927 3835 975 3885 iur.
988 3835 1062 3884 Rom.
1082 3835 1132 3886 litt·
1144 3834 1174 3884 P·
1187 3835 1209 3896 1,
1227 3851 1253 3900 p·
1265 3830 1325 3894 120,

127 3905 207 3958 ηοιὸ.
245 3907 424 3960 celeberrima
442 3912 469 3958 et
487 3908 586 3974 optima
605 3907 735 3958 restitutio
756 3911 795 3958 est
814 3907 905 3958 Iaoobi
923 3903 1105 3969 Goruorannr,
1124 3906 1237 3972 repetita
1253 3909 1280 3954 ct
1296 3905 1324 3955 in

127 3975 227 4028 Brenn
246 3979 304 4030 hist
318 3978 408 4044 iurisp.
429 3994 554 4040 romane,
572 3974 724 4044 ped-73,
742 3977 784 4029 ed.
804 3984 888 4030 sexta.
927 3977 1003 4027 Novo
1023 3977 1141 4028 examini
1161 3977 1233 4027 hanc
1251 3976 1325 4026 resti-

128 4051 259 4101 tutionem
278 4050 390 4100 subiecit
410 4049 445 4100 H.
465 4050 497 4100 E.
517 4047 648 4110 braxena,
667 4051 801 4115 professor
817 4049 1051 4114 regiomqntanus3
1077 4048 1174 4115 Lipsiae
1193 4043 1277 4110 1829,
1296 4047 1325 4097 in

129 4121 222 4172 libello
242 4121 285 4172 cui
304 4121 409 4172 titulus:
434 4119 595 4172 Uaearaa'ctt
614 4122 663 4172 dar
679 4121 831 4185 tutorque
855 4119 989 4171 Versacbs
1007 4136 1056 4172 aar
1074 4119 1256 4184 Herstsllanp
1276 4119 1324 4170 des

130 4191 226 4244 Teretes
257 4194 306 4244 der
331 4189 401 4242 m
419 4191 664 4262 Tasslfrcpmerrte.
722 4189 761 4241 Ol.
781 4190 862 4256 Legis
879 4190 933 4242 XII
951 4190 1111 4256 Fragmenta
1141 4206 1203 4242 cum
1223 4189 1321 4240 variar.

128 4264 189 4316 lect·
211 4263 326 4314 delectu.
363 4262 443 4313 Edid.
462 4265 528 4315 Gar.
547 4262 617 4314 Zeti.
654 4262 776 4327 Friburgi
798 4262 883 4328 Brisg.
903 4259 980 4314 1825.
998 4261 1025 4312 4.

163 4331 192 4400 4)
214 4335 280 4387 Hes
297 4333 379 4385 tradit
396 4334 555 4400 Pomponius
572 4332 597 4394 §-
618 4330 695 4384 1--3,

164 4403 182 4456 b
211 4406 375 4472 Pomponius
392 4405 410 4456 1.
419 4421 441 4455 a.
462 4403 516 4464 §.b
527 4403 554 4455 6.
581 4402 772 4463 Gal-Instlv,
792 4398 919 4464 §.11‚30.
945 4401 1037 4452 Cicero
1054 4401 1231 4468 problurena
1248 4415 1270 4450 o.
1280 4396 1321 4450 12.

164 4473 181 4528 6
212 4477 326 4530 Halitus
345 4473 543 4536 same-564
582 4474 684 4542 nram·
703 4467 853 4533 §.18-48.
889 4474 998 4523 Ducunt
1024 4472 1052 4522 hi
1070 4472 1211 4538 scriptores
1229 4484 1323 4522 secun·

130 4546 194 4599 dam
210 4549 260 4601 lur.
278 4548 383 4600 romani
401 4551 505 4601 statem
524 4547 559 4599 sb
579 4559 649 4599 anno
668 4541 721 4598 386
740 4558 825 4612 usque
843 4542 880 4596 sd
899 4543 1012 4610 Augusti
1027 4543 1173 4609 imparium.
