3064 4966
581 349 661 398 uacua
680 351 721 392 ru.
741 349 799 390 cnr.
814 352 842 392 u.
948 404 954 420 .
1099 373 1102 383 =
1265 347 1319 402 239

121 478 210 560 quod
234 477 274 540 da
297 476 580 539 intercessionibus
609 477 792 542 feminarum
821 480 934 542 tactuum
964 485 1022 544 est.
1075 482 1120 544 Eo
1150 486 1233 548 enim
1257 487 1319 550 Se-

115 578 396 664 natusconsult01)
419 585 560 655 cavetur,
582 597 622 641 ne
646 580 825 644 ullomodo
848 581 970 644 feminae
990 583 1216 648 intercedendo
1239 605 1318 668 pos·-

115 682 183 745 sint
210 679 365 761 obligari,
387 677 444 740 sed
465 684 500 740 ut
522 687 686 742 conventre
708 700 748 743 ex
771 684 1019 760 intercessione,
1047 683 1318 752 senatusconsulti

116 799 180 862 ope
201 797 274 842 sese
296 779 453 857 liberare,
487 787 519 842 et
539 782 622 861 quod
645 801 756 845 errore
775 785 947 861 solverint,
973 791 1118 865 repetere
1142 791 1265 867 possint
1277 789 1316 876 ²).

116 882 310 945 iustinianus
329 888 455 963 putans,
476 885 536 945 hoc
550 883 703 946 beneficio
728 883 858 948 feminas
879 904 941 948 non
963 888 1040 949 satis
1062 889 1186 964 muniri,
1209 892 1318 952 sanci-

118 986 184 1046 vit:
207 982 522 1049 Senatusconsultum
544 985 670 1066 quidem
685 988 808 1048 servari
832 989 863 1048 in
876 988 991 1050 robore
1012 1005 1082 1066 suo,
1105 992 1133 1051 si
1158 991 1317 1054 interces-

115 1087 198 1148 serit
219 1085 342 1162 mulier,
366 1087 574 1148 instrumento
595 1087 723 1166 publice
744 1087 891 1150 coniecto
913 1094 945 1150 et
966 1090 1066 1151 tribus
1081 1090 1215 1152 testibus
1238 1091 1318 1153 sub-

117 1188 264 1269 signato,
299 1187 325 1248 si
355 1204 434 1248 vero
457 1186 517 1248 hoc
537 1203 600 1249 non
623 1187 824 1250 observatum
849 1189 909 1265 sit,
939 1207 1103 1270 perperam
1128 1195 1317 1254 contractem

117 1305 192 1349 esse
210 1287 460 1368 obligationem,
496 1304 566 1368 quae
599 1288 688 1352 nullo
717 1290 788 1350 iure
820 1289 1064 1378 subsisteret³).
1117 1293 1150 1355 ln
1174 1295 1317 1356 omnibus

115 1388 223 1451 causis
245 1388 432 1468 improbavit
454 1405 586 1450 uxorum
608 1389 854 1451 intercessiones
876 1407 934 1470 pro
947 1393 1065 1452 maritis
1087 1394 1154 1454 suis
1167 1393 1263 1456 factas
1276 1395 1316 1480 ⁴).

116 1487 297 1553 Secundum
319 1488 386 1550 haec
408 1490 509 1551 omnia
530 1488 681 1552 mulieres
706 1489 906 1552 intercedere
924 1491 1143 1571 probibentur.

162 1593 193 1672 6.
204 1589 280 1666 827.
321 1589 563 1653 intercessionis
588 1591 776 1668 vocabulum
807 1591 846 1654 de
869 1592 1014 1654 omnibus
1038 1595 1162 1657 omnino
1193 1599 1318 1678 casibus

118 1691 225 1767 valet,
250 1692 281 1752 in
305 1691 420 1772 quibus
443 1693 514 1772 quis
536 1692 669 1754 alienam
693 1683 921 1774 obligationem
941 1693 993 1756 vel
1015 1701 1157 1759 veterem
1182 1699 1234 1760 vel
1256 1719 1318 1764 no-

43 1865 56 1880 *
114 1812 188 1856 vam
207 1795 239 1854 in
270 1810 306 1854 se
329 1792 462 1873 suscipit
471 1811 480 1866 ;
509 1792 591 1874 quod
628 1793 661 1852 lit
690 1779 752 1855 non
777 1793 879 1882 solum
902 1793 1114 1874 lideiubendo,
1139 1796 1317 1883 delegando

116 1911 177 1958 seu
201 1891 463 1974 expromittendo,
486 1898 577 1973 pacto
593 1893 631 1954 de
656 1895 823 1956 constituta
838 1897 971 1990 pecunia
992 1897 1105 1975 aliena,
1127 1904 1180 1962 aut
1200 1903 1317 1984 pigno-

114 1998 161 2058 ris
185 1995 408 2057 constitutione
431 2011 488 2073 pro
511 1992 618 2055 debito
642 1993 769 2070 alieno,
805 1994 994 2073 sedetiam,
1018 1998 1045 2057 si
1069 1999 1140 2078 quis
1163 2000 1200 2062 ab
1228 2002 1317 2064 initio

116 2096 252 2159 alterius
276 2095 377 2178 gratia
400 2093 538 2184 debitum
559 2094 591 2154 in
614 2111 650 2156 se
674 2096 807 2176 suscipit
819 2095 858 2182 5).
902 2095 1014 2177 Neque
1044 2116 1122 2161 vero
1149 2101 1318 2164 intercedit

115 2199 157 2274 is,
179 2198 233 2278 qui
256 2214 314 2277 pro
337 2195 399 2258 alio
430 2213 503 2258 sese
532 2195 669 2278 obligat,
700 2195 757 2258 sed
779 2195 892 2286 solvit,
927 2196 1011 2276 quod
1035 2199 1116 2261 alius
1139 2200 1244 2278 debet,
1264 2201 1316 2265 vel

117 2299 174 2378 qui
195 2297 332 2360 donandi
354 2298 457 2360 animo
481 2315 538 2378 pro
558 2297 621 2359 alio
643 2315 716 2360 sese
739 2299 929 2382 adstringit,
952 2299 1005 2362 vel
1029 2299 1202 2364 debitorem
1225 2321 1316 2366 suum
1386 2301 1398 2380 J
1432 2319 1434 2324 ’

114 2399 243 2474 liberat,
266 2397 318 2460 vel
343 2400 460 2482 pignus
483 2403 535 2462 aut
558 2398 765 2479 hypothecam
790 2401 938 2478 remittit,
962 2405 1015 2462 aut
1037 2419 1103 2463 rem
1125 2415 1212 2464 suam
1234 2403 1317 2466 alie-

114 2505 181 2576 nat,
205 2502 266 2560 ut
257 2517 327 2581 rpse
349 2498 440 2560 alteri
463 2499 618 2586 credam).

160 2605 191 2683 §
203 2599 275 2664 828
319 2599 441 2686 Neque
453 2606 556 2662 tamen
578 2600 702 2662 lemine
726 2601 880 2663 beneficio
903 2601 1177 2668 Senatusconsulti
1201 2607 1315 2672 fruun-

114 2708 180 2780 tur,
204 2703 233 2764 si
247 2701 368 2764 callide
390 2703 630 2764 intercesserint
652 2701 830 2783 decipiendi
846 2703 959 2779 animo,
982 2702 1034 2765 vel
1058 2705 1084 2765 si
1106 2722 1211 2768 earum
1235 2727 1315 2772 con-

115 2795 196 2863 ditio
217 2801 446 2868 intercessione
469 2800 609 2863 deterior
632 2801 712 2862 lacta
733 2819 795 2862 non
820 2803 872 2878 sit,
894 2801 993 2864 veluti
1006 2805 1032 2865 si
1057 2805 1194 2869 debitum
1209 2811 1242 2872 in
1261 2829 1314 2874 res

115 2919 226 2964 eorum
248 2918 376 2964 versum
398 2900 504 2978 luerit,
527 2901 579 2963 vel
604 2903 630 2964 si
654 2902 773 2982 aliquid
798 2903 1185 2983 acceperintfideiubendi
1210 2930 1314 2991 causa,

28 3051 34 3064 .
113 3003 170 3064 vel
186 3004 213 3065 si
236 3003 417 3084 receperint
440 3022 455 3065 a
479 3002 621 3066 debitore
645 3003 696 3080 id,
719 3003 757 3065 ad
780 3003 864 3083 quod
887 3020 959 3066 sese
981 3005 1216 3090 obligaverunt,
1240 3004 1313 3076 item

114 3104 145 3166 si
169 3102 276 3183 aliquo
297 3104 368 3164 iure
399 3109 534 3185 cogente
556 3121 614 3184 pro
644 3103 752 3166 cadem
783 3103 977 3188 obligatione
1005 3109 1080 3188 ipsae
1110 3111 1314 3188 tenebantur3

73 3276 76 3286 Ι
114 3203 146 3266 si
173 3202 255 3282 apud
277 3203 427 3265 minorem
448 3222 506 3285 pro
530 3222 586 3280 eo,
618 3205 673 3284 qui
698 3205 852 3268 solvendo
874 3223 936 3268 non
964 3215 1042 3286 erat,
1063 3210 1312 3292 intercesserint,

113 3309 149 3365 et
172 3302 242 3364 aliis
265 3303 449 3384 quibusdam
471 3305 502 3365 in
525 3305 629 3368 causis
647 3304 681 3384 7).

160 3402 275 3486 §.baa
319 3403 449 3477 Quoties
472 3403 623 3486 obligatio
656 3422 672 3464 a
705 3403 837 3465 muliere
866 3409 1011 3484 suscepta
1041 3405 1092 3467 vel
1123 3407 1210 3471 nullo
1244 3412 1314 3474 iure

113 3503 280 3579 subsistit,
309 3503 362 3564 vel
385 3503 539 3566 beneticio
569 3502 839 3566 Senatasconsulti
867 3504 1068 3580 destituitur;
1103 3507 1312 3574 creditoribus

113 3609 209 3666 vetus
229 3604 321 3681 actio,
347 3621 437 3684 quam
462 3610 591 3685 propter
614 3605 874 3667 intercessionem
902 3607 1088 3684 amiserant,
1117 3610 1312 3688 restituitur3

112 3723 198 3770 nova
220 3722 297 3768 vero
319 3706 400 3767 actio
423 3703 525 3782 datur,
551 3705 579 3767 si
593 3705 652 3768 iam
674 3705 712 3768 ab
734 3707 822 3768 initio
843 3706 976 3769 alienam
1002 3707 1226 3790 obligationem
1242 3730 1313 3774 mu-

465 4177 509 4222 ..t
527 4169 615 4222 Huius
634 4170 701 4237 legis
720 4169 850 4222 sententia
868 4169 945 4223 nobis
965 4169 1047 4223 dubia
1066 4187 1126 4224 esso
1145 4131 1259 4236 ridetur

385 4281 391 4293 ι
429 4279 515 4366 ..5
533 4310 558 4365 8.
577 4331 615 4380 pr.
636 4311 690 4372 ἓ..2
708 4314 740 4364 ir
748 4309 791 4364 13
808 4329 848 4379 pr.
867 4313 899 4364 D.
919 4309 994 4375 16,1
1018 4309 1067 4378 (ad
1085 4313 1298 4382 sucumveusib

148 4457 326 4527 6...)Fr8
407 4453 1076 4514 111228§1Dht019000d

148 4527 345 4600 mssa.
347 4523 1128 4600 f1230prDhtc23pr§IO.cod.
