3082 4976
623 377 703 416 trusa
724 377 745 416 r.
766 375 823 418 cnr.
844 378 861 418 r.
1307 367 1343 423 87

141 507 270 572 fictione
293 509 426 589 quadam
449 509 697 585 constituuntur,
721 513 754 572 et
773 509 973 591 singulorum
995 509 1034 572 ad
1056 509 1156 574 instar
1177 511 1249 574 vico
1270 527 1347 593 per·

142 623 230 670 sonae
252 607 439 692 iunguntur,
462 614 497 672 ut
519 609 723 686 universitas,
750 611 926 688 hereditas,
945 611 1025 674 alie.
1080 609 1158 675 Inde
1187 629 1252 675 non
1272 629 1345 675 raro

142 709 239 772 bodie
269 709 333 773 duo
367 725 574 790 personarum
609 729 729 792 genera
756 711 972 796 distinguunt,
1010 713 1169 776 naturales
1200 713 1345 777 nimirum

141 825 295 889 personas
317 811 337 870 i.
351 827 379 870 e.
403 809 549 891 singulos
574 808 728 889 hominos,
752 817 784 874 ct
804 813 941 877 morales
963 829 1021 876 seu
1038 813 1163 891 civiles,
1185 814 1207 876 i.
1224 831 1258 876 c.¹
1275 827 1345 895 quc

142 928 354 991 personarum
375 910 447 974 loco
473 911 640 977 habentur.

185 1010 299 1094 §.122
344 1010 464 1084 Quodsi
483 1012 522 1076 de
546 1015 798 1078 statuhoninunr
812 1017 991 1096 quaerimus,
1014 1016 1146 1096 primurn
1168 1015 1345 1096 inspicien-

142 1110 229 1188 dum,
247 1111 373 1192 quando
387 1107 479 1178 natus
492 1132 549 1196 pro
563 1133 700 1196 persona
721 1117 831 1179 haberi
846 1116 970 1198 possiti
996 1116 1035 1180 Et
1047 1119 1169 1180 constat
1183 1130 1252 1181 eurn
1272 1123 1346 1180 tan-

142 1219 208 1276 tun
233 1231 291 1295 pro
313 1215 439 1278 honrine
462 1216 657 1293 habendum,
690 1219 744 1298 qui
772 1207 897 1295 vivens,
928 1217 1026 1282 icrnra
1058 1221 1191 1282 humani·
1214 1222 1343 1301 generis

141 1314 282 1390 indutus,
305 1315 388 1379 iusto
411 1322 571 1398 tempore,
604 1318 659 1380 ubi
688 1304 797 1398 partus
827 1299 988 1400 perfectus
1012 1326 1078 1396 est,
1111 1321 1143 1382 in
1166 1319 1268 1382 lucern
1293 1325 1343 1382 est

140 1415 258 1479 editus.
303 1415 362 1490 Qui
385 1419 499 1480 mortui
522 1425 695 1480 nascuntur
718 1418 830 1495 liberi,
856 1437 1013 1500 nunquam
1036 1419 1135 1483 inisse
1158 1420 1342 1483 creduntur.

140 1517 280 1597 Septimo
313 1533 422 1578 mense
446 1519 533 1579 nasci
564 1518 739 1598 perfectum
768 1525 911 1601 partum,
946 1526 1106 1601 receptum
1137 1527 1186 1583 est
1214 1526 1344 1602 propter

140 1619 363 1681 auctoritatem
384 1618 558 1682 doctissimi
583 1622 645 1682 viri
668 1621 866 1702 Hippocratis
880 1621 918 1708 ¹).
972 1620 1041 1684 Non
1073 1628 1147 1684 suot
1175 1621 1268 1686 liberi
1290 1624 1344 1702 qui

140 1724 250 1782 contra
272 1717 401 1781 iornranr
426 1719 550 1782 hurnani
573 1723 701 1803 generis
724 1739 881 1784 converso
903 1739 990 1785 more
1006 1727 1234 1804 procreantur3
1257 1722 1346 1786 vetut

140 1821 169 1882 si
192 1819 308 1882 mulier
330 1826 543 1883 monstrosum
568 1821 687 1902 aliquid
710 1828 764 1884 aut
785 1823 1001 1905 prodigiosum
1024 1825 1114 1887 enixa
1138 1825 1190 1886 sit.
1234 1822 1344 1886 Partus
1401 1815 1406 1825 “

139 1925 263 1996 auteur,
287 1921 340 2000 qui
364 1921 572 1984 membrorum
605 1922 809 1985 humanorum
833 1923 935 1986 oibcia
958 1924 1130 2004 ampliavit,
1155 1925 1237 1986 inter
1258 1921 1343 1986 libe·

138 2037 196 2084 rcs
219 2021 497 2084 connumerabitur
507 2020 545 2106 ²).
593 2021 652 2095 Qui
677 2023 707 2084 in
732 2029 824 2086 utero
850 2029 898 2086 est
919 2023 1050 2105 perinde
1072 2041 1109 2086 ac
1135 2025 1162 2086 si
1184 2025 1216 2086 in
1244 2023 1341 2086 rebus
1442 2017 1446 2026 “

138 2122 283 2184 burnonis
298 2127 395 2199 essct,
419 2122 606 2199 custoditur,
629 2126 754 2204 quoties
767 2124 806 2186 de
824 2124 992 2188 commodis
1005 2125 1105 2204 ipsius
1124 2130 1233 2206 partus
1249 2139 1339 2204 qure-

137 2223 231 2296 ritur,
255 2238 440 2303 quamquam
462 2223 527 2298 aiii,
550 2228 716 2304 antequam
739 2230 896 2300 nascatur,
921 2241 1116 2305 nequaquam
1138 2225 1238 2304 prosit
1247 2223 1286 2307 8).

181 2326 212 2405 §-
225 2321 295 2386 123.
340 2321 487 2386 Homines
512 2325 599 2386 varia
620 2325 741 2386 ratione
766 2325 849 2386 inter
874 2340 909 2386 se
932 2321 1098 2399 diiierunt,
1127 2323 1227 2386 veluti
1250 2337 1339 2397 sexu,

138 2427 242 2499 etate,
264 2423 377 2484 mentis
400 2423 543 2499 sanitate,
566 2422 730 2506 dignitate.

184 2523 287 2588 Sexus
306 2525 429 2586 ratione
443 2529 496 2586 aut
508 2541 609 2586 mares
630 2541 688 2586 seu
702 2524 832 2588 masculi
852 2528 925 2584 sunt
942 2522 1097 2600 homines,
1121 2531 1174 2586 aut
1197 2524 1338 2598 ieminae3

140 2625 415 2707 hermaphroditus
440 2626 522 2688 onim
547 2626 615 2688 cius
637 2643 732 2688 sexus
757 2643 828 2688 csse
851 2631 1011 2701 censetur,
1043 2627 1096 2704 qui
1121 2625 1153 2686 in
1185 2639 1223 2688 eo
1253 2639 1338 2704 pre-

139 2727 275 2814 valen).
327 2726 500 2807 Utriusque
523 2743 619 2790 sexus
645 2727 752 2790 eadem
776 2727 844 2790 iere
867 2733 917 2790 est
938 2725 1093 2802 conditio,
1116 2725 1192 2790 licet
1215 2724 1338 2788 ieurinae

40 2835 43 2842 “
137 2831 173 2891 in
203 2828 310 2891 multis
333 2831 412 2890 iuris
434 2828 575 2890 articulis
601 2827 789 2890 conditionis
812 2829 981 2892 deterioris
1009 2827 1200 2902 habeantur,
1232 2827 1338 2906 iisque

139 2929 181 2992 ob
203 2946 310 2992 earum
328 2928 530 3011 fragilitatem
555 2929 724 3011 privilegia
753 2929 894 3008 quaedam
917 2925 1294 3014 concessastnt(§.112)
1316 2929 1339 3008 ).

183 3033 213 3111 ξ.
227 3027 299 3092 124.
350 3027 442 3092 Varia
476 3035 525 3092 est
556 3034 659 3092 autem
687 3035 810 3118 etatum
840 3031 872 3092 in
908 3031 978 3092 iure
1010 3034 1137 3110 recepta
1166 3028 1336 3092 distinctio.

138 3129 277 3193 Maiores
291 3153 350 3192 ua
375 3132 465 3192 annis
478 3131 538 3192 soii
553 3129 679 3210 plenum
692 3129 888 3193 intellectum
904 3131 1021 3194 habere
1036 3134 1216 3204 censentur,
1240 3127 1341 3192 libere

138 3229 237 3294 rebus
261 3231 329 3292 suis
351 3248 490 3312 preesse
512 3220 606 3310 atque
631 3231 733 3292 onnia
747 3229 992 3313 civilianegotiu
1013 3228 1176 3292 celebrare
1196 3228 1339 3308 possunt.

139 3327 297 3391 Differunt
318 3329 356 3391 ab
382 3332 421 3392 iis
443 3332 581 3392 rninores
604 3353 662 3392 xvv
684 3331 792 3406 annis,
815 3331 869 3410 qui
891 3331 924 3392 in
947 3329 1085 3410 puberes
1106 3334 1138 3390 ot
1160 3329 1339 3408 impuberes

140 3428 393 3513 distinguuntur.
437 3432 576 3494 Puberes
597 3433 722 3512 quidem
745 3433 805 3492 rite
825 3433 926 3494 omnia
943 3430 1143 3506 contrahunt,
1165 3429 1192 3491 si
1210 3432 1339 3490 curato-

139 3527 229 3590 ribus
252 3547 315 3592 non
338 3535 412 3592 sunt
434 3531 563 3608 subditi,
586 3531 641 3594 sed
654 3531 793 3596 rescindi
807 3531 974 3612 aliquando
997 3535 1140 3612 possunt,
1166 3547 1236 3610 quae
1258 3546 1338 3612 ges-

140 3635 262 3692 serunt.
294 3629 393 3694 Venia
416 3633 516 3694 aetatis
536 3633 699 3714 impetrata
722 3633 872 3694 maiorum
894 3628 964 3695 loco
987 3631 1111 3717 sunt0).
1156 3631 1338 3712 lrnpuberes

140 3731 263 3812 plenam
284 3732 317 3794 in
339 3733 408 3795 iure
430 3751 597 3815 personam
619 3752 681 3796 non
704 3733 822 3796 habere
844 3733 1084 3817 intelliguntur,
1113 3749 1173 3795 nec
1194 3729 1254 3794 nisi
1276 3729 1337 3794 alio

140 3837 283 3909 auctore,
308 3836 335 3896 si
362 3833 491 3913 quidem
515 3835 565 3898 sui
588 3835 666 3898 iuris
689 3841 780 3910 sunt,
810 3840 898 3899 recte
927 3834 1056 3916 negotia
1083 3838 1225 3896 tractant.
1281 3827 1337 3894 Est

177 4051 206 4117 1)
224 4053 328 4104 Paulus
347 4052 375 4103 in
393 4054 425 4103 ir.
447 4051 489 4104 12.
507 4053 542 4104 D·
562 4053 588 4114 b.
609 4059 628 4104 t.
647 4055 759 4122 septimo
778 4069 869 4106 mense
887 4058 967 4106 nctus
985 4053 1103 4117 videtur,
1122 4055 1167 4123 qui
1185 4054 1229 4108 dis
1250 4051 1302 4108 182
1322 4067 1339 4104 a

140 4129 276 4176 momento
305 4123 485 4190 conceptionis
510 4125 598 4176 editus
621 4130 669 4178 ssi·
707 4125 750 4176 Fr.
769 4124 794 4176 2.
820 4123 846 4185 §-
867 4123 908 4176 12.
937 4127 970 4178 D.
991 4123 1087 4188 3616
1111 4123 1160 4186 (da
1183 4127 1238 4178 suis
1258 4133 1284 4178 ct
1301 4125 1339 4178 le·

139 4191 257 4264 gitimis).
290 4195 407 4246 Abortae
424 4211 473 4266 pro
491 4211 606 4262 persona
624 4213 678 4248 non
699 4196 852 4248 habendus.
872 4212 894 4247 o.
914 4194 938 4248 2.
960 4197 989 4250 0.
1008 4195 1033 4258 6,
1051 4194 1086 4252 29
1108 4193 1154 4262 (de
1170 4193 1317 4264 postumia).

175 4262 203 4331 2)
223 4266 325 4317 Patulus
341 4267 370 4316 in
387 4268 419 4316 ir.
439 4263 482 4318 14.
501 4269 534 4318 D.
552 4268 579 4318 h.
596 4272 614 4318 t
634 4271 680 4319 cir.
699 4274 726 4318 et
743 4271 774 4320 ir.
794 4265 836 4318 38.
857 4265 916 4320 135.
937 4267 1023 4332 nub,
1038 4265 1070 4320 16
1090 4265 1137 4333 (do
1159 4271 1230 4322 verb.
1250 4268 1337 4336 sign).

174 4335 203 4402 3)
222 4338 325 4389 Paulus
343 4337 371 4388 in
389 4339 422 4388 ir.
443 4335 469 4389 7.
489 4339 522 4390 D.
541 4339 567 4388 h.
587 4341 667 4390 noir.
689 4345 716 4390 et
733 4341 765 4390 ir.
785 4337 818 4391 16
838 4339 899 4390 eod.
1081 4385 1093 4404 ,

172 4405 203 4472 4)
222 4408 266 4459 Fr.
287 4408 328 4462 10.
347 4409 381 4458 D.
399 4409 426 4459 h.
444 4413 463 4460 t.
482 4411 512 4462 ir.
534 4407 575 4462 15.
596 4408 620 4469 θ.
643 4408 667 4461 1.
689 4412 722 4460 D·
742 4407 786 4472 22,
807 4407 824 4462 5
842 4409 890 4469 (de
907 4408 1039 4477 testibus).

120 4479 122 4482 ’
173 4475 203 4542 b)
221 4479 386 4546 Pomponius
404 4480 432 4530 in
450 4481 482 4532 ir.
501 4479 526 4532 9.
545 4483 578 4532 D.
600 4482 628 4532 h·
649 4487 667 4532 t.
686 4483 733 4532 cir.
752 4481 785 4531 12.
804 4479 863 4534 195.
884 4499 924 4548 pr.
942 4485 976 4534 D·
988 4480 1031 4545 50,
1043 4481 1076 4534 16
1097 4479 1146 4548 (de
1164 4477 1334 4547 ruhniam).

175 4545 204 4612 6)
223 4550 253 4602 O.
273 4550 298 4600 2.
329 4549 357 4604 0.
377 4549 403 4613 2,
423 4548 460 4604 45
479 4548 525 4616 (de
541 4552 582 4604 his
601 4552 647 4620 qui
666 4553 773 4605 reniam
790 4550 896 4617 nubs).
