3082 4976
642 369 830 410 ruruouucrro.
1306 364 1340 418 21

134 507 311 572 auctorum
333 505 432 568 luisse
456 504 601 581 videtur,
634 522 703 566 eum
725 522 837 587 magna
859 505 900 566 sit
925 521 1044 580 eorum,
1069 505 1201 582 maxime
1222 507 1340 570 deere-

135 615 251 683 torum,
274 606 561 682 interlocutionum,
584 605 787 687 epistolarum
809 611 862 668 aut
884 605 1110 686 rescriptorum
1131 607 1232 688 copia.

180 713 212 790 ξ.
223 708 275 773 68.
319 706 428 780 Quarti
451 703 528 769 uero
551 713 622 787 post
653 705 810 769 Christum
833 706 939 768 saeouli
971 707 1060 769 initio
1092 709 1282 791 gravissima
1305 710 1337 771 in

135 809 216 873 orbe
239 825 368 872 romano
393 809 522 869 mutatio
548 814 597 870 est
614 809 706 881 lacta,
728 824 798 869 cum
813 805 1037 868 Constantinus
1063 823 1207 888 magnus,
1231 810 1338 873 obris-

134 910 231 972 tianae
251 907 325 970 fidei
347 907 509 984 addictus,
538 907 702 988 imperinm
732 913 818 970 esset
847 907 990 988 adeptus.
1043 907 1156 972 Secuta
1180 926 1263 972 nune
1291 916 1339 973 eat

133 1011 235 1074 totius
257 1007 450 1089 reipublicae,
471 1023 591 1072 morum
616 1013 647 1070 et
667 1008 746 1070 iuris
771 1007 977 1089 perturbatio.
1022 1008 1226 1088 Antiquitatis
1251 1027 1339 1091 prae-

44 1121 51 1130 '
133 1110 221 1193 claro
247 1114 457 1184 monumenta,
480 1125 550 1189 que
572 1125 663 1171 novae
688 1108 837 1190 religioni
861 1109 1016 1170 contraria
1039 1124 1113 1170 esse
1137 1107 1335 1187 videbantur,

133 1211 288 1273 violentia
304 1209 372 1272 sere
395 1208 539 1285 barbara,
561 1209 677 1285 deleta,
702 1215 734 1272 et
757 1209 906 1291 gloriosae
927 1209 1085 1270 momoriae
1106 1223 1158 1272 res
1183 1209 1337 1274 oblivioni

133 1312 259 1374 traditae
280 1316 365 1387 sunt,
389 1328 471 1374 nova
491 1311 614 1392 imperii
636 1309 734 1374 forma
756 1310 915 1391 descripta
938 1314 997 1386 est,
1020 1327 1111 1372 nove
1132 1309 1222 1393 leges
1245 1310 1336 1388 datto,

133 1415 211 1478 novi
233 1413 436 1494 magistratus
457 1412 602 1487 instituti,
626 1413 791 1492 imperium
815 1413 847 1472 in
869 1416 1003 1490 quatuor
1025 1409 1229 1491 praefecturas
1252 1427 1337 1491 prae-

133 1517 275 1578 torianas
295 1513 453 1588 divisum,
487 1513 588 1576 omnis
617 1513 701 1574 inter
726 1512 914 1594 peregrinos
946 1515 977 1571 et
1000 1510 1138 1582 Quirites
1160 1509 1336 1574 differentia
1432 1505 1437 1514 ¹

133 1615 280 1688 sublata3
304 1613 389 1694 quod
413 1613 538 1694 quidem
560 1614 620 1674 iam
635 1631 692 1693 per
704 1612 896 1676 Antoninum
907 1609 1097 1672 Caracallam
1116 1611 1229 1673 lactum
1252 1629 1335 1689 esse,

133 1715 321 1799 perhibetur
330 1715 369 1799 ¹).
415 1713 639 1796 imperatorum
661 1713 902 1776 constitutiones
925 1729 983 1790 pro
1005 1709 1082 1772 solis
1102 1711 1181 1773 iuris
1198 1711 1336 1776 lontibus

134 1817 260 1892 babitoe,
284 1815 391 1897 legum
412 1832 525 1878 nomen
547 1813 791 1900 acceperuntl).

177 1921 209 2000 ξ.
222 1916 273 1982 69.
318 1915 441 1978 interea
466 1914 591 1996 quidam
614 1916 646 1976 in
671 1931 708 1977 eo
731 1931 857 1994 operam
883 1910 1134 1987 collocaverunt,
1155 1916 1189 1970 ut
1210 1910 1337 1992 disper-

133 2035 187 2080 sas
211 2017 403 2080 anteriorum
429 2017 654 2098 Imperatorum
677 2016 919 2078 constitutiones
941 2013 1139 2096 colligerent,
1164 2018 1195 2075 et
1217 2015 1250 2076 in
1270 2012 1336 2076 Co-

133 2117 277 2194 dicibus,
306 2116 525 2201 singularibus
549 2118 607 2180 sub
631 2117 750 2193 titulis,
783 2116 955 2178 secundum
979 2114 1074 2178 edicti
1100 2112 1336 2195 perpetuitate

134 2220 279 2283 ordinem
300 2223 510 2299 reponerent:
542 2219 584 2280 ita
606 2219 668 2281 duo
692 2215 842 2293 Codices,
867 2216 1082 2299 Gregorianus
1104 2221 1135 2276 et
1157 2214 1335 2298 Hermoge-

133 2321 266 2391 nianus,
297 2335 432 2398 quorum
464 2324 626 2381 auctorum
651 2317 718 2381 sola
741 2317 864 2380 nomina
888 2321 1074 2397 supersunt,
1098 2314 1216 2378 conditi
1244 2321 1335 2389 sunt3

133 2419 408 2502 Hermogenianus
428 2418 541 2482 Codex
559 2418 617 2480 sub
637 2417 842 2481 Constantino
865 2417 888 2478 Ι.
911 2416 1047 2480 fortasse
1069 2416 1181 2492 laotos,
1203 2415 1334 2478 alterius

136 2521 388 2602 supplementum
410 2519 510 2582 luisse
534 2519 704 2600 videturl).

179 2624 209 2704 5.
223 2622 272 2686 70.
317 2619 416 2683 blaior
441 2620 643 2683 nibilominus
668 2619 810 2700 quotidie
833 2618 911 2680 iuris
922 2617 1117 2698 perturbatio
1140 2616 1199 2678 luit
1220 2622 1252 2679 et
1275 2607 1336 2678 ve-

136 2723 213 2786 teris
242 2720 498 2801 lurisprudenue
527 2722 726 2804 ignorantia,
758 2737 827 2782 oum
857 2725 958 2782 tamen
990 2719 1110 2798 absque
1140 2717 1336 2782 accuratiore

136 2824 206 2884 eius
229 2823 413 2904 cognitione
434 2822 541 2885 nullus
564 2823 689 2886 omuino
710 2823 789 2884 iuris
802 2839 878 2884 usus
893 2837 965 2883 esse
987 2825 1105 2901 posset.
1130 2817 1198 2893 Quo
1221 2818 1336 2884 lactum

138 2929 206 3000 est,
238 2929 273 2984 ut
295 2923 401 3005 legum
424 2923 568 2986 cumulus
593 2923 734 3004 quotidie
754 2927 939 3005 augeretur.
982 2919 1033 2982 Ad
1057 2919 1235 2984 firmandam
1257 2921 1336 2982 iuris

136 3025 299 3088 scientiam
335 3026 395 3086 iam
428 3025 505 3086 duas
537 3026 685 3088 emiserat
715 3025 754 3086 de
778 3021 963 3104 quibusdam
988 3021 1195 3102 precedentis
1227 3021 1335 3083 seculi
1377 3097 1380 3104 Δ

134 3123 432 3188 iurisconsultorum
452 3126 580 3206 scriptis
603 3127 843 3188 constitutiones
863 3122 1084 3186 Constantinus
1098 3122 1202 3209 (annis
1213 3143 1333 3199 eccum,

136 3226 308 3311 ocenum),
332 3231 441 3305 postea
464 3224 702 3288 Valentinianus
728 3225 770 3286 lll
794 3245 822 3288 a.
845 3243 875 3305 p.
893 3224 948 3284 Cb.
971 3245 1118 3287 ccccxxvi
1142 3224 1335 3307 singularem

137 3325 393 3387 constitutionem
415 3326 455 3414 de
478 3327 642 3408 responsis
667 3326 854 3408 prudentum
876 3323 1027 3411 emisit4),
1050 3330 1082 3385 et
1101 3323 1296 3387 Theodosius
1309 3323 1336 3386 ll

136 3441 254 3487 novum
280 3424 426 3487 Codicem
449 3425 542 3488 condi
566 3427 659 3488 iussit
682 3445 709 3488 a.
731 3447 939 3501 ccccxxxviii,
962 3442 1025 3504 quo
1056 3424 1296 3486 constitutiones
1318 3443 1335 3487 a

139 3523 342 3588 Constantino
362 3525 553 3610 Imperatore
577 3544 678 3608 usque
700 3527 738 3589 ad
760 3514 860 3608 ipsius
880 3525 1043 3606 imperium
1057 3522 1232 3604 publicatae,
1256 3542 1336 3589 con-

137 3625 329 3690 tinebantur.
374 3627 483 3690 Codex
504 3628 555 3690 bic
570 3628 808 3692 theodosianus
831 3628 954 3689 extensi
967 3623 1146 3700 voluminis,
1171 3647 1220 3687 rvr
1245 3625 1335 3688 libris

79 3811 84 3815 -
139 3733 273 3804 constat,
295 3725 352 3790 sed
377 3747 489 3812 magna
511 3735 600 3809 parte
621 3730 671 3790 ius
697 3728 857 3810 publicum
883 3725 1081 3807 amplectitur
1093 3723 1134 3808 ὅ).

142 3883 339 3894 m...-

174 3995 202 4057 1)
219 3997 261 4048 De
280 3996 455 4048 Constantino
473 3996 537 4047 ride
559 3997 667 4058 Baebii,
688 3995 758 4048 tussa
773 3995 832 4050 Iar.
845 3997 922 4049 Rom.
942 4013 959 4062 p
978 3993 1131 4050 sut-507.
1168 3997 1263 4064 lnclpit
1282 3997 1331 4048 sub

140 4070 194 4121 hoc
213 4069 373 4134 imperatore
390 4067 507 4120 barbare
526 4067 590 4119 luris
608 4069 712 4120 romani
730 4073 802 4120 atas.

173 4138 202 4203 2)
223 4139 251 4190 C.
271 4137 295 4190 3.
319 4137 360 4190 12.
380 4139 410 4191 C.
429 4138 453 4190 1.
474 4136 507 4189 14
525 4135 571 4200 (de
590 4138 694 4204 legib).
1090 4188 1093 4192 ,
1418 4195 1422 4210 ¹

175 4208 203 4274 3)
223 4210 317 4261 Edldlt
345 4219 449 4272 coruom
470 4217 636 4255 oneeonmnr
662 4220 694 4256 rr
715 4217 920 4257 urnuoorrmru
940 4217 1099 4256 ranununra
1120 4207 1333 4262 oustasuffloe.

136 4285 186 4334 καὶ
203 4282 281 4334 ICtus
301 4281 456 4347 Lipsiensis·
493 4281 594 4332 Bonuae
612 4282 685 4347 opud
705 4283 736 4332 A.
755 4281 877 4332 Marcum
898 4278 974 4332 1837.
993 4279 1020 4332 4.
1058 4281 1211 4332 Continetur
1229 4279 1336 4332 tomoII

138 4361 271 4398 consonis
290 4361 365 4398 uuum
383 4361 615 4402 nnrruusrmrunr.

172 4420 203 4490 4)
222 4423 274 4475 Cir·
298 4423 381 4475 uesta
400 4425 427 4475 in
447 4423 549 4475 Senatu
567 4425 658 4475 ltcrnae
677 4424 712 4475 do
732 4422 884 4488 recipiendo
904 4423 1004 4475 Codice
1013 4423 1221 4484 Theodosianor
1240 4419 1330 4473 librcl

137 4493 197 4546 dus
213 4496 365 4562 praemissu
383 4501 410 4547 et
428 4495 572 4548 Theodosii
591 4495 797 4548 constitutiones
816 4491 833 4545 5
852 4500 880 4546 et
897 4493 913 4546 6
932 4496 960 4546 in
978 4496 1024 4545 lib.
1044 4495 1064 4544 I.
1084 4496 1122 4545 tit.
1144 4494 1165 4543 Ι.

173 4561 202 4631 b)
222 4567 302 4618 Aliud
322 4583 397 4632 opus,
422 4580 458 4618 ex
477 4568 598 4620 Ithrum
622 4567 723 4634 scriptis
750 4573 775 4618 et
791 4567 923 4632 prioribus
950 4565 1096 4620 Codiolbus
1115 4561 1338 4629 componendum,
