3098 4966
581 301 661 338 arun
673 299 703 344 u.
713 299 780 338 rsus
791 301 810 338 ι.
821 297 879 340 car.
889 298 920 340 u.
1317 286 1354 342 95

142 453 219 498 cum
241 451 306 496 non
329 431 433 496 solum
455 445 583 510 operam
602 443 690 490 suam
711 425 815 502 dedit,
848 423 905 486 sed
928 429 960 486 et
981 429 1101 503 partem
1122 424 1192 486 eius
1216 425 1354 488 materie

143 535 363 618 prcsmvit1).

190 634 308 717 §.84st
351 631 399 692 De
423 628 568 692 omnibus
588 626 637 688 his
659 627 765 688 causis
787 625 1018 688 observandum
1043 629 1111 686 cst:
1137 640 1207 685 eum
1231 626 1354 704 quiae-

148 735 311 798 oessionia
339 733 409 793 iure
441 747 507 790 rem
533 728 665 790 alienam
695 726 778 790 lacto
806 745 865 790 suo
889 726 1117 806 adquisiverit,
1144 726 1182 788 ad
1211 727 1355 788 damnum

148 833 365 916 prustundum
387 830 480 893 alteri
502 829 624 904 teneri,
659 833 691 888 ct
715 827 808 890 modo
831 829 1063 890 aestimationem
1086 830 1134 890 rei
1158 832 1276 888 tuntum
1296 825 1356 888 de-

145 935 249 1012 bere,
274 933 366 996 modo
389 933 420 996 id
444 931 529 1013 quod
554 932 707 1008 interest,
731 937 885 1011 quatenus
906 931 1029 994 seilicet
1049 931 1082 992 in
1100 930 1181 992 bono
1203 929 1256 992 vel
1278 929 1357 992 mala

148 1037 212 1100 lide
236 1035 435 1120 venerunt).

502 1255 571 1308 mr.
591 1255 639 1307 ru.
676 1255 725 1306 un
742 1249 1005 1320 amomacum).

195 1409 225 1487 §-
240 1399 312 1468 341.
357 1399 537 1465 Traditionc
558 1419 611 1464 res
633 1399 724 1464 nobis
747 1401 964 1482 acquiruntur,
987 1415 1118 1479 quarum
1139 1397 1301 1478 possessio
1319 1397 1357 1458 ab

151 1517 261 1568 carum
285 1497 430 1580 domino,
462 1505 515 1584 qui
543 1501 683 1566 alienare
705 1499 825 1582 potuit,
858 1519 897 1563 eo
924 1501 1026 1562 animo
1050 1499 1142 1562 nobis
1163 1498 1275 1560 tradita
1299 1503 1358 1574 cst,

152 1609 190 1666 ut
212 1623 265 1666 res
289 1609 405 1666 nostrae
429 1603 512 1664 bant.
555 1597 640 1663 Nihil
663 1603 746 1663 enim
767 1607 827 1662 tam
841 1601 1035 1662 conveniens
1049 1606 1097 1662 est
1108 1597 1242 1661 naturali
1256 1597 1358 1678 aequi-
1402 1633 1405 1640 ·

152 1703 222 1780 tati,
245 1719 336 1782 quam
360 1696 553 1764 voluntatem
576 1699 704 1778 domini,
726 1718 792 1763 rem
816 1718 903 1763 suam
926 1697 958 1763 in
982 1699 1076 1764 alium
1099 1701 1273 1762 transferre
1296 1717 1357 1760 vo-

155 1803 265 1882 lentis,
287 1807 384 1866 ratam
406 1795 565 1888 haberit).

197 1899 228 1985 ξ.
243 1901 314 1966 342.
359 1896 432 1963 Sola
456 1897 583 1962 dominii
610 1899 823 1962 transferendi
851 1899 997 1964 voluntas
1016 1919 1083 1964 rem
1107 1896 1357 1964 alteriuslucerc

152 2023 217 2068 non
240 2007 355 2085 polest,
382 1997 438 2064 scd
460 2001 674 2084 possessionis
697 1999 861 2086 translatio
883 2005 1067 2082 requiritur.
1101 2001 1180 2065 llinc
1202 2004 1370 2081 sequitur,

153 2101 379 2168 traditionibus
404 2107 521 2164 tantum
545 2107 576 2164 et
598 2101 861 2184 usucapionibus,
895 2122 1000 2184 neque
1022 2123 1100 2167 vero
1124 2103 1219 2166 nudis
1245 2103 1357 2183 pactis,

153 2217 263 2269 rerum
285 2201 419 2267 dominia
444 2203 610 2266 transferri
622 2201 661 2291 ⁵).

198 2309 229 2388 ξ.
244 2302 316 2369 343.
360 2300 467 2367 Potest
487 2309 590 2366 autem
610 2301 734 2366 traditio
755 2303 861 2366 multis
874 2303 973 2367 modis
988 2301 1072 2381 deri5
1096 2309 1128 2366 et
1138 2323 1264 2388 semper
1278 2307 1358 2370 lacto

158 2401 363 2488 intelligitur,
389 2403 513 2486 quando
537 2403 618 2466 alius
639 2423 704 2466 rem
721 2407 887 2484 acquirere
900 2405 1024 2482 volens,
1046 2407 1359 2488 eiuspossessionem

155 2527 196 2570 ex
224 2504 388 2570 voluntate
418 2511 527 2568 nostra
557 2501 690 2586 adeptus
718 2511 777 2566 cst.
823 2503 961 2586 Ideoque
986 2507 1014 2568 si
1043 2507 1069 2568 is
1092 2521 1158 2568 rem
1189 2514 1358 2589 conrparat,

153 2609 209 2690 qui
233 2609 294 2668 iam
318 2606 504 2668 naturaliter
517 2624 584 2668 cam
607 2604 800 2686 possidebat,
824 2625 905 2669 nova
927 2607 1095 2670 traditione
1117 2621 1196 2688 opus
1220 2615 1358 2684 nonest,

155 2701 214 2770 sed
237 2706 320 2768 nuda
343 2705 490 2769 voluntas
514 2703 631 2768 domini
654 2705 770 2768 sufficit
798 2707 836 2769 ad
866 2724 932 2769 rem
964 2705 1235 2788 transferendam,
1258 2709 1358 2772 veluti

155 2807 184 2870 si
206 2807 278 2887 quis
300 2799 393 2868 alteri
420 2825 487 2868 rem
509 2805 731 2868 commodatam
755 2805 888 2868 locatam
910 2805 962 2869 vel
984 2805 1066 2888 apud
1089 2825 1159 2871 eum
1182 2810 1357 2891 depositam

154 2907 335 2970 vendiderit
359 2905 412 2992 vel
434 2905 599 2968 donaverit
610 2908 653 2987 (ξ.
665 2905 795 2987 30336).
816 2905 910 2969 Fictae
923 2909 1148 2988 ctsymbolicae
1168 2910 1357 2973 traditiones

152 3007 251 3071 nullae
275 3005 517 3088 comprobantur
537 3005 583 3092 (ᾗ.
607 3003 708 3090 30].).
1078 3089 1079 3092 ¹

185 3113 227 3190 §-
239 3108 311 3172 344.
355 3101 539 3188 Requiritur
563 3112 665 3170 autern
686 3106 718 3168 in
740 3105 892 3170 tradentis
917 3127 1064 3188 persona,
1089 3118 1124 3172 ut
1143 3114 1188 3176 sit
1213 3113 1358 3176 dominus
1439 3169 1443 3177 .

154 3211 217 3286 rei,
241 3215 276 3270 ut
297 3209 436 3271 alienare
458 3209 570 3290 possit,
593 3213 625 3270 et
644 3209 693 3270 rei
714 3207 886 3270 alienando
908 3209 1019 3272 habeat
1035 3211 1239 3274 voluntatem.
1272 3211 1361 3294 Lege

152 3309 343 3394 probibente
368 3308 447 3370 lacta
463 3307 611 3369 alienatio
632 3303 752 3370 inutilis
775 3309 835 3384 est,
866 3313 897 3370 et
916 3325 969 3372 res
991 3311 1102 3373 tradita
1125 3309 1279 3374 vindicari
1299 3329 1361 3393 po-

157 3416 221 3473 test
251 3411 298 3494 (5.
316 3405 389 3474 388.
412 3402 509 3488 392).
552 3401 637 3468 Nibil
659 3409 819 3484 interest,
855 3413 957 3470 utrum
989 3411 1060 3490 ipse
1084 3411 1228 3472 dominus
1260 3412 1361 3474 tradat

155 3510 252 3574 alicui
275 3523 361 3590 rem,
393 3523 432 3570 an
460 3509 623 3571 voluntate
658 3511 728 3572 eius
759 3504 860 3586 alius,
894 3512 945 3572 cui
971 3508 1039 3572 eibs
1065 3513 1112 3574 rei
1136 3507 1261 3574 traditio
1283 3528 1361 3593 per-

158 3613 255 3674 missa
278 3615 337 3672 est.
373 3608 439 3682 Qua
460 3610 583 3671 ratione
605 3616 637 3672 et
658 3627 716 3690 pcr
738 3616 975 3690 procuratorem
987 3612 1113 3675 traditio
1127 3611 1196 3676 beri
1210 3621 1313 3695 potest
1326 3615 1360 3698 ⁷).

158 3711 209 3771 Do
233 3710 283 3772 bis
304 3710 359 3789 qui
381 3707 520 3771 alienare
542 3716 677 3790 possunt
699 3709 752 3772 vel
775 3725 847 3788 non,
872 3712 967 3792 paulo
989 3713 1123 3790 inferius
1145 3705 1297 3779 dicemus.

201 3799 339 3872 'lradltlo
360 3819 424 3872 non
446 3807 549 3871 solum
570 3811 609 3874 in
624 3811 727 3894 ipsum
746 3812 974 3892 acquirentem,
998 3807 1054 3875 sed
1077 3811 1169 3878 etiam
1190 3816 1221 3878 in
1243 3835 1362 3898 procu-

163 3981 361 4000 4·—-—————

195 4105 223 4176 1)
243 4103 268 4169 ἓ.
287 4103 330 4164 25.
348 4099 369 4159 Ϊ.
391 4101 417 4160 lr.
437 4111 456 4162 t.
477 4109 504 4162 ei
522 4103 645 4178 Theoph.
662 4106 696 4162 ib.
727 4109 786 4163 ort.
805 4109 830 4164 2.
852 4103 875 4171 ἓ.
893 4105 937 4163 79.
957 4113 989 4162 fr.
1009 4107 1033 4163 7.
1058 4107 1082 4172 ἓ.
1101 4107 1126 4164 7.
1144 4109 1178 4165 D.
1197 4111 1223 4167 h.
1240 4121 1258 4167 t.
1283 4115 1364 4168 Aliud

161 4179 214 4236 dici
233 4183 340 4233 videtur
358 4179 386 4231 in
403 4181 434 4232 fr.
453 4177 478 4234 5.
498 4181 520 4241 ξ.
540 4175 564 4235 1.
584 4185 616 4234 D.
635 4181 661 4248 6,
680 4181 704 4234 l.
723 4179 766 4234 eil.
787 4188 813 4234 at
830 4185 862 4233 fr.
882 4179 923 4235 12.
945 4181 969 4243 ἓ.
990 4181 1015 4234 1.
1036 4183 1068 4234 Ι).
1088 4185 1115 4234 b.
1134 4189 1152 4234 t.

196 4251 223 4318 2)
243 4256 305 4319 Arg.
325 4248 349 4312 ἓ.
368 4249 410 4302 26.
429 4249 509 4306 30.1.
529 4257 554 4305 lr.
573 4259 592 4306 t.
610 4257 643 4306 fr.
663 4249 705 4306 23.
728 4253 751 4311 ἓ.
770 4251 794 4305 5.
813 4255 846 4304 D.
865 4251 891 4316 6,
911 4254 924 4305 1
946 4255 994 4322 (de
1014 4251 1045 4306 R.
1067 4251 1117 4318 V.).

196 4323 225 4390 3)
246 4317 270 4384 l.
287 4317 402 4375 40-47.
420 4319 441 4374 Ι.
460 4325 487 4376 h.
505 4331 524 4376 t.
660 4319 690 4389 4)
709 4323 732 4384 ἓ.
751 4323 794 4376 du.
813 4323 833 4376 l.
853 4325 909 4375 cit..

197 4394 226 4460 5)
246 4397 275 4447 Ο.
295 4393 338 4448 20.
359 4393 424 4447 Oou.
444 4395 470 4459 2,
488 4393 505 4447 3
522 4392 568 4464 (de
587 4396 692 4463 pactis).

197 4463 227 4530 6)
246 4467 269 4526 §-
286 4462 331 4517 44.
349 4467 371 4516 Ι.
392 4467 419 4517 b.
440 4471 459 4516 t.
607 4463 636 4532 7)
656 4465 678 4525 ἓ.
697 4463 741 4517 42.
760 4463 804 4518 43.
823 4467 843 4517 Ι.
863 4465 889 4517 h.
909 4471 927 4517 t.
