3082 4976
617 369 697 408 arasa
717 372 735 416 u,
757 370 816 409 ear.
836 372 874 408 ιν.
1093 341 1100 356 ’
1195 429 1201 438 ι
1319 366 1354 420 69

142 505 291 578 auanttrr,
312 507 402 564 curat
421 499 636 583 magistratus,
655 503 690 564 ut
711 504 833 564 tutores
853 505 885 564 et
907 506 1071 566 curatores
1095 522 1133 569 ec
1152 506 1277 576 nomine
1293 523 1348 570 sa-

141 601 271 679 tisdent,
293 604 314 665 i.
334 621 363 664 e.
384 600 589 664 fideiussores
606 601 808 664 constituant.
853 601 914 666 Sed
931 601 991 666 hoc
1004 621 1066 668 non
1081 610 1130 668 cst
1143 611 1347 686 perpetuum:

142 720 215 766 nam
240 708 363 766 tutores
386 705 573 764 testamento
603 700 666 764 dati
691 701 838 765 satisdari
866 719 929 764 non
961 710 1136 786 coguntur,
1170 709 1243 786 quia
1271 707 1348 770 tides

143 821 255 866 eorum
279 809 310 866 et
331 802 497 886 diligentia
519 802 556 864 ab
579 803 648 882 ipsc
670 808 822 866 testatore
842 803 1012 884 approbata
1033 810 1091 868 est.
1137 805 1213 870 ltem
1238 826 1277 869 cx
1295 809 1348 870 in·-

141 905 315 986 quisitione
338 908 460 964 tutores
484 903 537 964 vel
560 907 724 965 curatores
747 902 829 981 dati,
852 903 1058 968 satisdatione
1078 923 1141 970 non
1162 913 1349 989 onerantur,
1460 929 1462 942 ’

139 1007 215 1086 quia
236 1003 452 1068 idoneielccli
471 1008 555 1066 sunt.
599 1003 745 1066 Attamen
766 1005 794 1067 si
818 1005 928 1086 plures
946 1006 1010 1068 sint
1033 1007 1187 1071 eiusmodi
1211 1014 1343 1087 tutores,

137 1110 166 1171 is
198 1107 253 1188 qui
281 1110 397 1187 preter
419 1109 552 1168 ceteros
575 1103 682 1168 tutelae
704 1122 777 1168 sese
801 1104 917 1182 ollert,
940 1106 1094 1170 satisdare
1118 1129 1135 1172 a
1156 1111 1342 1193 magistratu
1414 1151 1416 1154 -
1469 1171 1472 1179 ,
1532 1097 1533 1102 ’

138 1208 320 1272 iubetur1.

182 1312 214 1394 §-
225 1207 309 1376 251.)
342 1305 582 1372 satisdationem
603 1322 680 1368 vero
702 1303 813 1370 lacere
827 1324 934 1370 omncs
960 1307 1078 1370 debent
1100 1308 1234 1391 legitimi
1256 1313 1344 1372 tuto-

137 1425 208 1486 res,
231 1410 336 1489 iiquc,
360 1408 414 1488 qui
437 1406 671 1488 magistratibus
695 1407 868 1470 minoribus
893 1404 1127 1471 constituuntur
1137 1409 1189 1494 ²),
1205 1409 1289 1490 quod
1314 1412 1341 1472 si

81 1571 85 1580 .
139 1529 205 1575 non
226 1511 379 1584 fecerint,
413 1513 558 1588 tanquam
587 1509 728 1588 suspecti
757 1508 895 1572 atutela
926 1510 985 1571 iarn
1008 1513 1154 1590 suscepta
1184 1512 1345 1573 removeri

137 1615 284 1694 possunt.
330 1606 611 1670 constitutionibus
631 1608 808 1688 principum
831 1607 968 1690 denique
997 1627 1182 1691 expressum
1210 1615 1277 1685 est,
1313 1615 1348 1670 ut

137 1713 203 1774 nisi
224 1716 357 1774 caveant
370 1715 491 1772 tutores
506 1708 557 1771 vel
570 1715 745 1786 curatores,
767 1711 952 1793 pignoribus
967 1713 1068 1792 captis
1080 1713 1289 1774 coerceantur
1302 1711 1342 1796 ⁸).

184 1833 216 1912 g.
229 1827 301 1895 252.
346 1826 525 1903 Satisdatio,
550 1844 620 1908 quae
643 1827 676 1888 in
697 1828 842 1889 cautione
864 1847 881 1889 a
900 1826 1087 1890 fideiussore
1104 1829 1267 1909 stipulanti
1281 1847 1345 1910 pu-

137 1928 220 2011 pillo
242 1929 294 1990 vel
317 1945 413 1991 servo
436 1928 569 1990 eiusvel
585 1945 680 1990 servo
702 1927 829 2008 publico
852 1927 932 2017 lacta
955 1931 1116 1992 consistit:
1140 1953 1201 1994 aem
1223 1953 1341 1994 aurunci

85 2070 89 2076 -
137 2053 262 2093 sauvis
278 2028 407 2114 rcae4),
430 2047 466 2090 ca
487 2034 590 2091 autam
606 2029 727 2096 ratione
749 2029 900 2112 exigitur,
924 2029 1008 2110 quod
1031 2028 1145 2107 damni,
1167 2029 1264 2094 tutela
1286 2030 1339 2093 vel

137 2131 304 2193 curatione
320 2129 545 2212 contingentis,
565 2131 683 2192 incerta
700 2136 749 2192 est
764 2115 940 2208 estimatio,
963 2131 1119 2212 facileque
1138 2150 1244 2194 rerum
1266 2134 1343 2216 pig-

136 2247 219 2294 nore
239 2229 466 2310 hypothecaeve
487 2233 719 2312 suppositarum
741 2231 881 2294 valorem
909 2249 1059 2313 superare
1082 2237 1195 2313 potest.
1248 2233 1341 2295 Nihi-

136 2331 275 2395 lominus
294 2335 396 2393 tamen
431 2337 462 2393 et
488 2333 590 2395 omnia
619 2333 755 2394 tutorum
788 2339 1009 2396 curatorumve
1037 2334 1118 2396 bona
1158 2333 1344 2414 hypotheca

136 2433 266 2496 nomine
290 2430 420 2513 pupillis
443 2431 655 2512 curandisque
677 2437 751 2494 sunt
774 2432 962 2518 obligatal).

184 2549 300 2632 §.aba
344 2549 510 2613 Sciendum
534 2555 636 2612 autem
663 2555 729 2628 est,
754 2568 817 2612 non
837 2549 939 2613 solum
961 2555 1082 2612 tutores
1103 2549 1155 2612 vel
1178 2556 1342 2614 curatores

139 2649 273 2732 pupillis
299 2655 331 2712 et
351 2649 467 2712 adultis
491 2651 673 2730 ceterisque
693 2651 838 2732 personis
855 2650 1125 2713 administratione
1150 2651 1262 2728 teneri,
1285 2652 1342 2714 sed

140 2751 236 2812 etiam
258 2752 289 2812 in
315 2767 388 2827 eos,
414 2755 467 2831 qui
491 2751 724 2814 satisdationem
749 2753 925 2832 accipiunt,
949 2750 1167 2814 subsidiariam
1188 2752 1342 2814 actionem

141 2867 227 2927 esse,
252 2869 321 2931 quae
335 2851 476 2914 ultimum
490 2853 536 2914 eis
559 2851 738 2932 praesidium
754 2854 856 2934 possit
871 2851 995 2914 atlerre.
1028 2851 1223 2914 subsidiaria
1239 2857 1341 2915 autem

140 2953 225 3015 aetio
250 2952 394 3014 daturin
415 2953 637 3035 magistratus,
670 2954 723 3033 qui
754 2959 808 3016 aut
835 2972 852 3014 a
877 2951 1034 3016 tutoribus
1065 2951 1116 3014 vel
1144 2953 1343 3016 curatoribus
1455 2987 1465 3012 1

140 3051 289 3116 satisdari
308 3071 370 3116 non
393 3058 597 3130 curaverunt,
621 3059 673 3116 aut
696 3071 757 3116 non
780 3053 917 3116 indonee
938 3055 1022 3134 passi
1038 3058 1111 3114 sunt
1125 3054 1248 3128 caveri;
1272 3069 1342 3134 qum

140 3153 269 3234 quidem
300 3159 360 3215 tam
391 3171 430 3215 ex
458 3152 647 3232 prudentum
678 3155 842 3234 responsis
872 3169 963 3233 quarn
995 3171 1035 3216 cx
1065 3153 1340 3216 constitutionibus

140 3255 357 3337 imperialibus
382 3259 414 3317 et
434 3257 466 3318 in
489 3253 623 3318 heredes
644 3273 752 3318 eorum
775 3255 999 3337 extenditur0).
1030 3298 1033 3304 ·

141 3475 211 3530 um.
228 3479 275 3530 nr.
313 3477 560 3542 corruscans
579 3481 652 3532 vsu
672 3477 884 3533 ouauuoaus
902 3476 990 3531 ussus
1004 3477 1079 3531 uou
1093 3475 1258 3530 rossuuu
1270 3477 1342 3528 uun

140 3591 149 3602 ·
482 3568 703 3622 necessario
722 3567 962 3622 excussurus
973 3565 1001 3635 ⁷).

186 3737 216 3816 5.
231 3733 303 3801 254.
347 3733 480 3798 Tutores
503 3741 535 3798 et
555 3743 718 3800 curatores
735 3737 860 3800 omnino
882 3753 955 3800 esse
974 3754 1035 3800 non
1053 3740 1187 3818 possunt
1201 3735 1339 3800 minores
1438 3737 1447 3750 “

140 3836 345 3920 ιιναηιιὶεθ),
355 3836 505 3900 mulieres
521 3844 650 3919 excepta
666 3844 764 3900 matre
783 3845 816 3900 et
830 3840 899 3901 avia
916 3836 1027 3920 pupilli
1043 3836 1095 3900 vel
1109 3835 1340 3914 adolescentis3

370 4241 376 4254 .
395 4209 413 4256 t.
431 4207 463 4256 tr.
483 4201 507 4256 5.
529 4203 552 4263 ἓ.
570 4204 594 4257 1.
617 4201 647 4256 9.
666 4203 710 4270 26,
727 4203 745 4258 4
765 4203 810 4272 (de
828 4206 935 4274 legitim.
955 4205 1024 4274 tut).

515 4272 544 4340 4)
564 4272 595 4326 D.
613 4265 657 4339 lit,
678 4275 694 4328 6
714 4272 780 4340 (ram
797 4279 891 4345 pupilli
908 4279 952 4330 rel
971 4280 1079 4333 minoris
1098 4281 1202 4334 selvam
1215 4279 1301 4348 jora).

286 4345 311 4398 0.
331 4345 360 4398 O.
378 4341 404 4411 5,
421 4344 456 4399 37
477 4345 525 4414 (de
545 4346 616 4399 adm.
635 4345 726 4412 tutor).
751 4365 773 4400 c,
794 4348 818 4401 9.
839 4349 860 4409 ἓ.
880 4347 904 4402 5.
923 4350 947 4403 6.
969 4351 998 4404 O.
1017 4350 1042 4415 5,
1061 4348 1097 4403 70
1115 4349 1163 4418 (dc
1181 4369 1235 4405 cur.
1254 4349 1326 4419 fun).

195 4487 205 4556 )
239 4418 412 4558 aquimoli}
432 4487 605 4555 Vooparcwct'
622 4489 803 4542 dlsflnctiones
820 4489 847 4542 in
869 4491 967 4546 hebri.
989 4493 1039 4546 der
1057 4492 1221 4548 Paodsetco
1240 4489 1335 4552 5270.

250 4559 299 4614 ,5.
322 4560 350 4612 0.
371 4557 396 4624 5,
414 4556 450 4611 30
471 4557 518 4626 (de
537 4560 589 4628 leg.
609 4558 679 4626 tut).
