3082 4976
211 350 245 406 18
531 361 731 402 rrsrrrurrorrs
749 363 823 404 raus
842 364 946 404 nourr
965 365 1086 407 rarrsrr.

255 493 286 573 fi.
302 490 356 557 tu.
399 489 486 552 Libri
510 495 613 553 autem
634 491 812 569 utilissimi,
836 509 915 573 quos
938 493 978 558 de
1000 497 1071 560 iure
1093 498 1306 578 suiipsorum,
1328 501 1408 564 varii
1461 541 1472 560 .

210 597 284 656 sunt
305 591 454 673 generis,
484 589 585 652 veluti
608 591 756 656 breviora
780 594 859 656 iuris
882 595 1076 674 compendia,
1097 597 1328 676 institutiones,
1351 617 1409 662 re·

209 693 302 777 gulae,
319 689 527 768 definitiones,
553 692 711 772 inquibus
727 694 868 758 ordinem
882 696 1033 776 imprimis
1054 699 1219 774 miramur;
1243 699 1296 762 vel
1312 699 1408 764 lucu-

209 795 363 857 lentiores
387 791 459 856 libri
481 795 561 856 iuris
583 792 698 870 civilis,
723 794 864 885 digesta,
883 802 937 858 aut
959 796 998 858 ad
1019 797 1162 862 Edictum
1182 803 1408 877 commentarii,

208 901 272 956 tum
305 912 383 957 vero
407 899 440 956 at
460 911 698 974 responsorum,
720 895 936 978 epistolarum,
959 898 1157 962 decretorum
1179 901 1231 962 rol
1255 901 1407 964 tactorum

209 997 300 1072 libri,
321 995 458 1075 denique
481 995 672 1072 encbbidia,
705 997 883 1076 pandecte,
906 999 1134 1062 sententiarum
1155 1017 1270 1082 opera,
1293 1001 1345 1064 vel
1368 1001 1409 1064 de

210 1097 315 1162 officio
341 1095 539 1179 singulorum
573 1097 814 1178 magistratuum
847 1098 1038 1162 indicumve.
1087 1099 1193 1183 Leges
1226 1101 1408 1184 singulares

208 1215 355 1280 qnoque,
391 1195 443 1258 uel
459 1197 740 1261 'senatusconsulta
763 1197 815 1260 vel
839 1197 934 1262 edicti
958 1201 1101 1280 perpetui
1124 1203 1223 1282 capita
1247 1219 1409 1266 commen-

206 1303 261 1364 tati
275 1308 359 1375 sunt,
384 1297 467 1362 etad
482 1301 674 1362 anteriorum
690 1297 849 1362 clarorum
862 1299 1051 1380 prudentum
1060 1293 1064 1316 ¹
1073 1300 1173 1364 libros
1187 1307 1277 1366 notas
1299 1303 1408 1384 scrip-

203 1405 314 1465 serunt
324 1402 363 1487 ²).

248 1541 342 1628 §.bb
386 1541 421 1603 lu
443 1543 609 1604 sententiis
632 1542 699 1604 suis
722 1559 827 1623 sepe,
860 1549 895 1604 ut
925 1543 1112 1606 naturaliter
1142 1547 1265 1624 evenit,
1300 1549 1332 1609 in
1354 1547 1408 1610 di-

210 1659 320 1708 vorsas
342 1647 448 1724 partes
474 1639 616 1716 abibant;
640 1647 672 1704 et
692 1649 836 1704 narratur
861 1643 963 1720 nobis,
989 1643 1027 1705 ab
1041 1645 1179 1727 Augusti
1202 1645 1407 1728 temporibus,

207 1764 265 1828 per
289 1745 448 1826 integrum
475 1741 544 1804 sere
569 1741 728 1820 seculum,
751 1743 830 1806 duas
854 1745 938 1805 inter
958 1759 993 1806 se
1017 1743 1216 1808 adversarias
1241 1736 1408 1812 Iuriscon-

204 1847 358 1909 sultorum
380 1849 484 1906 sectas
508 1860 566 1905 scu
581 1843 705 1906 scholas
728 1846 900 1921 exstitisse,
924 1862 1053 1924 quarum
1075 1864 1154 1908 vcro
1177 1846 1302 1911 diversa
1324 1851 1407 1912 ratio

202 1965 265 2010 non
289 1951 320 2008 et
340 1945 434 2008 bodie
456 1947 581 2007 omniuo
604 1945 731 2026 cognita
754 1945 874 2038 est²).·

243 2091 274 2172 fi.
290 2088 342 2152 60.
385 2087 505 2150 Primus
529 2093 561 2150 et
582 2086 809 2150 celeberrimus
832 2089 979 2166 omnium,
1005 2089 1059 2168 qui
1081 2088 1123 2150 ita
1145 2088 1226 2170 apud
1249 2087 1405 2154 Romanos

202 2193 281 2254 iuris
300 2195 414 2253 oartem
444 2187 609 2269 professus
640 2194 705 2264 est,
740 2187 893 2252 Cicerone
923 2195 1004 2252 teste
1039 2179 1084 2271 (in
1104 2187 1202 2250 Bruto
1226 2208 1253 2250 c.
1273 2189 1326 2256 41.
1346 2190 1403 2278 42)

200 2292 293 2354 buius
314 2291 431 2352 amicus
445 2289 575 2352 Servius
591 2287 743 2370 Sulpicius
758 2296 835 2365 erat,
860 2291 1005 2372 quivero
1028 2288 1137 2370 plures
1160 2290 1298 2370 aequales
1321 2309 1405 2372 prae-

203 2393 307 2456 claros
329 2391 530 2472 iurisperitus
554 2396 648 2470 atque
671 2389 845 2470 discipulos
864 2389 983 2452 babuit.
1029 2389 1093 2454 Sub
1110 2390 1258 2472 Augusto
1273 2393 1404 2454 maxime

201 2493 346 2556 claruere
377 2491 510 2554 duarum
538 2489 717 2554 scholarum
742 2493 902 2572 principes
925 2494 1006 2554 'Ant
1028 2489 1144 2568 Labeo,
1168 2492 1217 2552 vir
1239 2493 1403 2569 maximus,

200 2601 232 2657 et
249 2595 362 2658 Ateius
375 2591 495 2674 Capito.
541 2593 761 2673 Sequebantur
782 2593 870 2656 illum
885 2591 1003 2672 Nerva,
1023 2592 1107 2656 hunc
1119 2593 1265 2670 Sabinus,
1287 2593 1403 2656 deinde

198 2693 352 2758 Proculus
378 2699 410 2755 et
433 2691 573 2771 Cassius,
595 2713 612 2756 a
636 2693 751 2774 quibus
774 2693 892 2757 schola
915 2692 1137 2756 Cassianarum
1166 2700 1198 2756 et
1216 2693 1403 2756 Proculeia-

201 2812 312 2863 norum
334 2794 436 2871 diota,
460 2797 514 2875 qui
536 2794 594 2858 sub
615 2794 791 2858 Domitiano
812 2794 976 2878 Pegasiaui
1001 2801 1033 2856 et
1055 2795 1213 2859 Sabiniani
1241 2794 1403 2858 vocaban—
1522 2789 1523 2821 *

199 2903 250 2960 tur
269 2897 344 2980 (nisi
364 2895 425 2958 hoo
446 2913 559 2959 nomen
585 2896 666 2958 Iorte
689 2897 729 2958 sit
744 2894 938 2982 antiquius),
970 2913 1040 2956 euno
1067 2895 1099 2956 in
1124 2893 1401 2958 Proculeiauorum
1520 2905 1522 2984 j

199 2997 301 3077 capite
313 2995 466 3081 Pegasus,
490 2999 521 3060 in
537 2979 755 3060 Cassianarum
777 2995 1040 3060 CoeliusSabinus
1065 3001 1183 3058 essent.
1205 2995 1271 3058 Nec
1290 3003 1400 3076 postea
1520 2989 1521 2992 ’

199 3098 302 3160 statim
325 3096 503 3160 scholarum
527 3098 609 3160 inter
629 3115 665 3159 se
687 3096 856 3160 diversitas
880 3097 1048 3160 evanuisse
1062 3097 1199 3160 videtur.
1241 3095 1315 3160 Mox
1338 3098 1400 3185 im·
1519 3093 1520 3096 ’

196 3197 305 3278 prImis
325 3196 510 3266 claruerunt
535 3195 694 3274 lullauus,
731 3199 784 3278 qui
802 3197 938 3260 edictum
964 3200 1181 3279 composuisse
1203 3196 1318 3260 dicitur
1339 3197 1398 3260 sub

197 3294 354 3360 Hadriano
366 3343 377 3379 ,
402 3297 463 3360 hoc
485 3297 698 3378 approbante,
733 3303 796 3360 tum
818 3297 1018 3379 Pomponius,
1042 3297 1150 3374 Gaius,
1171 3297 1289 3377 aliique
1313 3299 1398 3362 inter
1426 3297 1433 3306 ’

197 3413 276 3476 quos
309 3402 341 3460 ot
362 3395 529 3460 cervidius
552 3397 704 3475 Scaevola,
729 3399 869 3479 Septimii
892 3399 1003 3462 Severi
1027 3397 1229 3478 Imperatoris
1252 3402 1284 3458 et
1307 3397 1397 3462 cele-

195 3497 325 3560 berrimi
348 3497 507 3579 Papiniani
530 3499 609 3560 iuris
633 3505 819 3580 preceptor.
872 3499 934 3562 Sub
956 3498 1017 3562 hoo
1048 3499 1238 3578 imperatore
1261 3498 1396 3580 eiusque

195 3599 435 3661 successoribus
459 3599 593 3661 omnium
606 3597 907 3662 Iurisconsultorum
930 3596 1097 3664 clarissimi
1118 3597 1275 3678 simulque
1295 3598 1396 3662 ultimi

194 3700 353 3777 amarum,
376 3698 572 3780 Papinianus,
598 3697 761 3779 Ulpianus,
784 3687 900 3762 Paulus
922 3705 953 3762 et
976 3699 1191 3776 Modestinus,
1221 3715 1394 3778 equorum
1477 3689 1483 3704 “

188 3797 280 3875 libris
302 3799 463 3862 maximam
486 3800 659 3880 partemin
680 3798 843 3864 Iustiniani
868 3799 1032 3864 Pandectis
1053 3805 1180 3864 servata
1202 3805 1323 3864 aeterna
1357 3816 1393 3860 ea

225 4114 254 4179 1)
271 4115 385 4170 Hatram
403 4112 426 4174 ἓ.
441 4109 593 4166 636-641.
1400 4178 1406 4191 1

227 4201 256 4266 2)
275 4205 405 4269 Pompam.
426 4199 450 4260 ἓ·
458 4197 502 4252 47.
538 4200 729 4252 Taoitlnnal.
749 4200 795 4250 111.
809 4196 852 4252 Ib-
881 4196 1215 4266 suet.innugussoo.t4.
1251 4199 1303 4251 DIo
1316 4199 1390 4252 Cata.

190 4273 262 4324 LIV.
284 4271 325 4324 lb.
359 4275 391 4324 A·
413 4273 482 4323 Gall.
505 4271 577 4323 XIII.
598 4269 640 4324 12.
661 4269 703 4322 13.
741 4269 854 4324 Holts'oss
875 4271 893 4322 1.
914 4287 952 4334 o.,
977 4271 1116 4336 Ds'rkssst,
1137 4271 1283 4338 Bsgtrdqs.
1326 4273 1390 4322 Pro·
1507 4337 1508 4346 ἵ

191 4345 356 4397 habilissima
374 4343 481 4394 ridetur
499 4345 584 4395 celeb.
602 4343 756 4396 Schrodsrs'
775 4343 873 4411 oplnlo,
893 4344 943 4394 lass
965 4349 1052 4396 sectas
1070 4345 1108 4396 nil
1119 4343 1170 4394 nisi
1187 4342 1252 4393 luris
1272 4342 1389 4406 scholas,

190 4415 342 4469 indisertis
360 4415 536 4466 urbIrRomsa
555 4415 709 4480 regionibus
728 4413 899 4467 messuisse.
923 4415 1015 4482 Pomp.
1034 4415 1053 4465 I.
1065 4431 1088 4465 o.
1108 4409 1186 4474 nti.
1216 4411 1289 4463 Illud
1308 4413 1389 4463 stiam

189 4487 336 4540 cernimus:
354 4486 547 4538 Proculeianos
565 4486 652 4552 megla
668 4500 704 4536 ex
720 4486 824 4538 ratione
843 4485 907 4537 Iuris
924 4485 1102 4553 respondisse,
1122 4485 1185 4536 dum
1195 4482 1336 4537 Sabiniani
1350 4485 1389 4548 id,

188 4556 261 4628 quod
278 4562 414 4626 receptum
434 4566 499 4622 erat,
520 4557 708 4626 sequebantur.
