3064 4966
551 343 672 385 urnnnrr,
684 343 752 380 unns
763 344 793 380 rr.
806 341 864 381 cnr.
877 344 901 384 r.
1275 335 1328 390 701)

169 475 200 554 fl.
211 471 283 537 713.
328 471 520 534 lustininnus
542 477 645 534 eutem
659 489 728 535 cnm
747 489 810 535 non
833 473 1036 537 solumomne
1051 475 1222 542 discrimen
1244 479 1328 542 inter

125 578 236 636 uetera
257 571 436 654 legatorum
459 590 589 655 genero,
612 589 722 635 verum
738 574 830 636 etium
844 574 894 636 ius
906 575 1024 636 caduca
1036 576 1215 640 vindicandi
1229 578 1327 662 (quod

124 674 240 736 iamin
271 671 510 736 desuetudinem
538 674 625 736 abire
652 673 805 760 coepcrnt)
833 674 1035 737 sustulisset:
1065 679 1156 739 etium
1186 678 1226 741 de
1256 681 1326 742 iure

87 823 96 842 .
126 773 327 838 accrescendi
349 775 434 836 inter
450 773 621 879 legatorios
644 775 753 852 edixit,
777 781 808 837 ot
829 776 890 838 hcc
911 778 1094 864 sancivit1).
1138 777 1215 857 „Ubi
1233 777 1327 860 legu-

125 876 198 938 tarii
223 881 254 938 et
273 873 554 938 fideicommissarii
577 875 640 938 duo
663 875 744 938 forte
767 875 819 938 vel
840 877 1045 957 pluressunt,
1071 879 1185 959 quibus
1207 879 1327 959 aliquid

124 975 270 1038 relietum
292 974 344 1050 sit,
367 975 395 1036 si
416 973 542 1054 quidem
564 977 754 1038 coniunctim
776 977 982 1057 relinquatur,
1006 984 1037 1038 et
1061 978 1185 1058 quidem
1209 978 1325 1041 nolue-

123 1077 188 1138 rint
211 1075 365 1157 legatum,
401 1073 583 1137 volentibus
604 1075 799 1139 solummodo
824 1077 860 1139 id
883 1081 980 1140 totum
1002 1078 1143 1142 accedet.
1189 1078 1243 1142 Sin
1265 1096 1326 1141 nu-

124 1183 188 1240 tem
210 1175 400 1253 disiuuetim‚
424 1194 483 1238 nec
503 1193 612 1238 omnes
635 1177 791 1258 legatarii,
814 1178 927 1258 quibus
950 1181 1117 1258 seperatim
1140 1196 1192 1240 res
1214 1178 1325 1242 relicte

124 1277 177 1352 sit,
197 1277 230 1341 in
253 1277 320 1340 eius
342 1278 584 1357 acquisitionem
611 1284 817 1353 concurrant,
847 1279 903 1341 sed
927 1296 1008 1341 unus
1040 1278 1123 1342 forte
1147 1297 1214 1342 cem
1239 1283 1326 1344 occi-

122 1379 205 1458 piot:
238 1377 303 1442 froc
324 1378 426 1441 solide
450 1381 519 1441 eius
541 1379 595 1454 sit,
615 1385 647 1440 et
667 1397 731 1441 non
756 1385 910 1442 vacuetur
930 1397 1014 1460 porc,
1042 1395 1111 1460 quae
1130 1379 1244 1456 deicit,
1270 1379 1326 1442 sed

123 1479 205 1561 opud
228 1497 308 1555 eum,
332 1480 386 1559 qui
408 1479 512 1554 habet,
532 1478 634 1542 solida
658 1485 827 1542 remaneat.
872 1480 910 1541 Et
930 1480 1002 1542 ideo
1026 1481 1053 1542 si
1069 1497 1149 1544 onus
1174 1479 1323 1544 fueritin

123 1599 259 1664 persone
282 1582 361 1658 eius,
385 1581 444 1643 hoc
468 1580 646 1644 omnimodo
669 1581 806 1662 impleat.
840 1581 871 1645 si
894 1583 1024 1644 veroin
1047 1581 1224 1646 deficientis
1248 1600 1325 1663 per-

125 1699 234 1744 sonam
259 1685 327 1744 erut
348 1679 508 1758 collatum,
531 1700 593 1744 non
615 1683 731 1744 sentiet
752 1683 798 1759 is,
830 1683 885 1763 qui
907 1699 970 1746 non
991 1681 1128 1746 alienum
1150 1682 1207 1745 sed
1231 1699 1321 1744 suum

121 1783 262 1866 legatum
285 1785 479 1846 imminutum
507 1783 630 1846 habers
931 1792 939 1800 ·

165 1888 196 1968 ξ.
211 1885 283 1948 714.
334 1878 509 1947 Coniuncto
542 1886 641 1967 igitur
678 1885 877 1968 eollegsterii
912 1901 984 1966 pers
1015 1885 1172 1948 accrescit
1203 1884 1323 1948 volenti

121 1990 240 2048 tentum
261 1985 318 2048 sed
340 2003 411 2050 oum
423 2003 521 2048 onere
535 1985 581 2070 ²)²
604 2003 667 2048 non
680 1986 859 2062 coniuncto,
883 1986 904 2048 i.
919 2005 946 2048 e.
962 1992 1126 2048 retentum
1141 1985 1322 2062 coniuncto,

120 2091 155 2148 et
177 2087 276 2148 invito
298 2087 453 2149 accrescit
463 2087 502 2174 ³),
528 2086 584 2148 sed
605 2089 674 2149 sine
696 2105 793 2150 onere
805 2085 844 2172 ⁴).

165 2184 252 2248 luter
280 2185 384 2248 cerdis
405 2193 522 2250 tantum
545 2189 751 2264 coniunctos,
783 2189 804 2248 i.
828 2207 855 2250 e.
878 2187 992 2268 quibus
1014 2193 1118 2266 partes
1141 2187 1189 2250 rei
1211 2185 1325 2269 tegete

119 2291 207 2362 sunt,
231 2287 281 2348 ius
304 2289 509 2352 accrescendi
531 2289 651 2360 nullum
676 2294 742 2352 est:
765 2307 835 2351 nem
859 2293 905 2352 tot
927 2293 1001 2350 sunt
1017 2287 1134 2370 legato,
1155 2291 1323 2367 quotper-

119 2387 258 2474 sonci).

165 2509 196 2586 g.
208 2505 279 2572 715.
326 2506 402 2570 Cum
426 2508 510 2588 quod
531 2510 601 2570 iure
623 2507 826 2570 accrescendi
851 2509 1042 2588 acquiritur,
1070 2513 1158 2569 retro
1181 2505 1323 2585 acquisi-

121 2612 188 2668 tum
209 2607 365 2682 videatur,
389 2608 480 2668 etiam
503 2607 613 2669 heredi
636 2608 783 2690 legatarii
805 2612 877 2688 post
898 2608 979 2669 diem
992 2605 1155 2668 cedentem
1171 2603 1322 2680 defuncti,

119 2707 295 2770 deficientis
317 2725 390 2788 pars
413 2709 566 2770 accrescit
577 2707 615 2796 6).
661 2709 693 2772 Si
715 2708 824 2788 plures
846 2713 920 2770 sunt
943 2707 1100 2790 legatarii,
1124 2704 1237 2786 quibus
1260 2703 1319 2765 dc-

119 2805 254 2869 fieicntis
278 2807 477 2891 collegcterii
501 2825 573 2888 pars
596 2809 761 2885 accrescit,
784 2806 920 2890 singulis
943 2825 1002 2888 pro
1027 2806 1199 2888 quantitate
1223 2803 1320 2887 legati

119 2909 277 2987 cuiusque
298 2909 403 2988 portio
427 2907 611 2987 acquiritur,
635 2909 714 2970 etsi
737 2908 829 2970 simul
849 2926 885 2969 re
905 2912 1024 2970 tentum
1047 2895 1080 2968 et
1100 2923 1136 2967 rc
1159 2923 1196 2970 oc
1218 2903 1322 2980 cedis

118 3007 279 3070 coniuncti
299 3008 511 3084 invenientur,
536 3007 568 3068 hi
592 3007 804 3089 preferuntur
814 3009 853 3096 ⁷).

162 3127 194 3206 ᾖ.
206 3123 276 3188 716.
319 3123 354 3184 ln
384 3123 550 3187 usufructu
576 3125 683 3208 legato
712 3128 762 3188 ius
792 3127 995 3190 accrescendi
1025 3127 1177 3189 latissime
1214 3113 1324 3207 potet:¹

117 3224 318 3288 ususfructus
342 3231 373 3288 et
396 3228 588 3288 constitutus
615 3233 646 3298 et
670 3231 779 3308 postca
804 3231 947 3302 omissus,
972 3226 1173 3289 nibilominus
1192 3227 1242 3288 ius
1264 3243 1320 3288 cc-

117 3325 285 3389 crcscendi
308 3325 440 3390 admittit
451 3327 491 3412 ⁸).
537 3325 633 3389 Cuius
655 3329 703 3390 rei
725 3329 805 3390 ratio
827 3327 998 3390 secundum
1021 3331 1149 3389 veteres
1173 3325 1320 3402 necess,

154 3592 183 3662 1)
202 3595 231 3648 O.
249 3611 293 3647 nn.
317 3594 339 3655 ἓ.
362 3595 404 3650 11.
425 3598 455 3650 O·
466 3594 501 3662 ’6,
519 3596 553 3652 51
574 3598 622 3663 (de
638 3601 699 3653 ced.
718 3597 795 3666 toli).
832 3600 992 3654 Intermedia
1012 3601 1096 3653 verbs
1114 3601 1265 3652 omittimus.

116 3663 469 3792 affluipieoffiteffim
487 3671 529 3724 ius
552 3673 620 3739 legis
639 3673 729 3740 rapte
754 3675 871 3742 secutus}
890 3679 937 3726 est.
974 3673 1106 3725 Hodierni
1131 3673 1184 3724 hcc
1207 3673 1249 3724 ius
1274 3687 1318 3723 sc-

153 3806 184 3874 3)
202 3812 234 3861 In
258 3811 300 3895 iris
324 3817 402 3864 vetus
426 3813 469 3865 ius
493 3815 666 3868 accrescendi
690 3816 804 3868 retinuit.
840 3814 973 3868 Hodierni
992 3815 1044 3866 hoc
1066 3814 1109 3868 ius
1125 3829 1180 3866 non
1199 3815 1318 3868 deseres·

115 3881 322 4016 0οὲῗέἓὲῗὲ
335 3967 384 4006 ruo
403 3956 509 4008 ubiuis
527 3951 689 4009 Iustiuicr'rus
707 3956 813 4009 adiecit

152 4020 184 4087 5)
205 4025 266 4076 Nou
287 4025 355 4077 obst,
373 4027 405 4077 fr.
424 4024 467 4079 89.
486 4045 525 4094 pr.
544 4030 577 4079 D.
596 4027 638 4080 32.
660 4033 687 4080 ct
704 4031 736 4080 fr.
757 4027 798 4079 16.
817 4026 840 4086 ἓ.
859 4023 884 4076 2.
904 4028 935 4082 Ι).
957 4025 1000 4082 30.
1020 4029 1067 4080 cfr.
1086 4031 1117 4080 fr.
1137 4027 1179 4080 11.
1203 4031 1236 4080 D.
1256 4027 1317 4093 7‚2

116 4091 167 4159 (de
185 4097 268 4148 usuir.
291 4095 426 4162 neccsse).
444 4100 476 4148 fr.
496 4097 537 4152 80.
556 4101 589 4150 D.
609 4098 651 4151 32.
670 4105 697 4150 et
715 4103 747 4150 fr.
768 4097 792 4150 7.
810 4115 849 4164 pr.
868 4097 901 4149 D.
922 4095 966 4163 34,
984 4098 1001 4153 ὃ
1017 4097 1065 4164 (de
1082 4101 1139 4154 reb.
1160 4099 1245 4167 dno).

151 4161 1317 4254 6)·12·1.·17.§.1.rr.34.u.9,2(dereg.tquu.).‘n.26.§.1.1).35,1(uc

113 4237 254 4372 οοῗῗὲῗῗ
254 4235 345 4376 1111..
364 4309 398 4360 c.
417 4307 460 4362 31.
478 4312 541 4378 mg.
562 4312 594 4362 rr.
612 4308 655 4362 se.
674 4327 713 4378 pr.
732 4313 766 4363 c.
785 4308 828 4362 32.
922 4345 923 4350 n

151 4375 181 4443 8)
199 4380 242 4430 Fr
261 4378 286 4431 1.
306 4380 330 4438 §-
348 4375 373 4431 3.
391 4381 425 4432 Ι).
446 4378 471 4445 7,
491 4380 507 4434 2
526 4380 574 4446 (ds
594 4383 676 4434 uruit.
696 4381 896 4450 accrescendo).
921 4384 1053 4438 Vaticano
1071 4384 1094 4446 §-
1114 4384 1157 4439 77.
1194 4387 1254 4438 Hoc
1272 4386 1315 4438 ius

112 4451 287 4584 21:2thston
288 4449 454 4590 ggrltgietnltrum
472 4453 643 4510 consumtum
661 4458 718 4518 em
736 4453 944 4531 quedextiset
961 4457 1020 4511 eliis
1032 4457 1108 4522 loeis,
1125 4457 1268 4526 presertim
1285 4457 1314 4510 in
