3064 4966
202 305 256 364 m
530 315 731 360 rrrrrrurrout
750 315 825 362 sunu
845 315 949 360 nomi
967 317 1087 362 turam.

203 453 282 514 trem
304 463 384 510 vero
404 463 474 512 oum
495 447 635 514 iaoertus
658 447 720 523 sit,
743 447 887 527 talosque
910 447 1035 530 genitos
1057 447 1177 512 nullum
1198 452 1324 531 pietatis
1356 457 1407 516 est

203 551 352 615 ollioinno.
401 547 483 610 lllud
510 565 615 628 neque
640 549 681 610 iis
709 546 787 608 utile
810 553 876 624 est,
904 547 959 628 qui
983 566 1001 610 e
1027 549 1199 614 concubina
1228 552 1292 616 orti
1319 557 1406 629 sunt,

201 671 271 718 nam
296 667 481 733 quamquam
510 651 700 732 ineliquata
729 651 914 716 hereditatis
946 653 1116 732 patrissui
1147 657 1266 732 partem
1286 667 1405 716 suece-

202 753 287 830 dant,
303 754 346 816 'si
377 753 547 818 intestatus
577 751 740 832 nullisque
761 751 913 834 legitimis
943 750 1054 816 liberis
1083 751 1203 816 relictis
1233 757 1404 828 moriatur3

200 853 289 920 nullo
312 860 415 918 tamen
438 853 519 930 iure,
541 867 645 934 neque
667 854 839 936 legitimam
860 855 1058 937 portionem,
1085 869 1189 934 neque
1211 859 1247 918 ut
1269 853 1404 919 herodot

201 956 404 1020 instituuntur
425 954 477 1016 vel
501 955 736 1020 exlrerederrtur
754 948 865 1037 peiere
884 964 1029 1036 possunt.

242 1053 357 1136 §.fild
402 1054 491 1127 Quod
516 1071 611 1136 supra
640 1053 681 1120 de
709 1057 914 1118 successione
936 1055 1040 1120 vidue
1070 1057 1172 1136 inopis
1195 1055 1312 1118 dietum
1344 1060 1403 1130 est,

201 1155 229 1218 si
251 1156 384 1220 maritus
405 1153 473 1216 eius
497 1153 646 1238 locuples,
662 1155 701 1218 ab
724 1158 872 1220 intestato
895 1157 1080 1232 decesserit
1101 1156 1184 1222 idera
1208 1157 1298 1222 etiam
1319 1157 1401 1220 iuris

201 1262 261 1333 est,
285 1257 313 1322 si
337 1259 469 1318 testatus
493 1257 663 1332 moriatur,
694 1273 764 1320 oum
787 1274 913 1338 semper
936 1255 1039 1320 delita
1064 1257 1094 1320 ei
1127 1256 1281 1320 bonorum
1299 1257 1403 1320 mariti

201 1359 252 1422 aui
272 1373 345 1438 pers
368 1356 409 1418 sit
430 1355 660 1435 relinquenda3
690 1356 824 1437 quodsi
848 1358 879 1418 in
902 1361 1089 1426 testamento
1118 1355 1178 1422 loeo
1200 1355 1317 1420 laetum
1338 1370 1404 1418 non

201 1459 252 1534 sit,
275 1457 452 1522 detrahitur
473 1475 510 1524 ee
534 1475 574 1522 ex
595 1456 735 1522 defuncti
762 1457 955 1533 substantie,
988 1454 1093 1520 valido
1127 1461 1229 1520 tameo
1258 1460 1404 1522 manente

204 1563 389 1622 testamento
401 1559 437 1639 ¹).

199 1748 270 1806 TIT.
286 1748 321 1800 X.
356 1748 406 1804 DE
424 1743 550 1802 deusta
569 1744 618 1798 EX
637 1742 770 1808 QUIBUS
790 1743 953 1896 INUTILSA
974 1742 1069 1800 SUNT
1086 1743 1135 1798 ET
1157 1741 1405 1824 Iurffinturtutlss

659 1830 921 1888 Tusuauuuue²
935 1869 942 1882 .

241 1971 272 2054 ξ.
285 1967 358 2032 611.
405 1965 558 2050 Superest
568 1966 601 2026 in
613 1963 799 2044 exponendo
815 1964 876 2030 hoo
887 1962 926 2026 de
941 1965 1136 2030 testamentis
1148 1963 1231 2040 loeo,
1243 1967 1278 2028 nt
1289 1961 1403 2028 vider-

201 2085 281 2146 mus,
304 2065 418 2150 qnibus
444 2083 484 2130 ex
504 2067 608 2130 causis
629 2063 753 2130 inutilia
775 2066 838 2128 sint
861 2063 914 2128 vel
936 2063 1132 2128 infirmentur
1156 2069 1354 2131 testamenta.

245 2171 276 2252 ς.
290 2165 362 2234 618.
406 2165 550 2242 Inutilia,
581 2164 633 2228 vel
664 2183 726 2228 non
758 2165 827 2228 iure
857 2166 956 2242 laeta,
993 2165 1065 2228 item
1100 2167 1236 2248 iniustag,
1271 2165 1341 2225 sive
1370 2165 1406 2222 ut

200 2269 345 2336 hodierni
374 2266 499 2343 dieunt,
534 2265 620 2328 nulla
648 2270 721 2329 sunt
750 2269 935 2330 testamenta
964 2265 1171 2348 sequentibus
1201 2283 1241 2330 ex
1276 2259 1401 2337 oausis;

199 2368 323 2454 quaudo
345 2368 383 2432 ab
406 2385 444 2432 eo
466 2366 546 2430 laeta
576 2371 667 2442 sunt,
696 2367 749 2448 qui
771 2365 1113 2434 testamentifaotionein
1145 2381 1206 2430 non
1229 2364 1336 2427 habuit
1349 2361 1400 2448 8);

201 2469 326 2554 quando
348 2469 455 2534 nullus
480 2467 591 2544 heres,
612 2466 665 2531 vel
688 2465 761 2530 talis
786 2467 948 2530 institutus
971 2472 1038 2544 est,
1071 2465 1124 2548 qui
1156 2463 1404 2528 testamentilao-

202 2574 316 2636 tionem
338 2587 406 2632 oum
421 2565 582 2630 vtestatore
611 2566 807 2643 nonhabet,
840 2565 893 2628 vel
927 2585 1041 2650 capere
1070 2585 1132 2630 non
1157 2571 1273 2648 potest.
1325 2563 1401 2628 ltem

203 2675 232 2736 si
253 2670 397 2736 solennia
420 2668 500 2732 iuris
521 2666 624 2746 desito
644 2666 830 2749 fuerunt⁴);
861 2673 892 2728 et
920 2667 980 2731 lroc
1002 2668 1128 2748 quidem
1153 2670 1181 2730 si
1203 2667 1256 2730 vel
1278 2669 1402 2736 minima

201 2771 383 2836 solemnitas
405 2768 520 2832 omissa
543 2767 595 2828 sit.
639 2763 764 2828 inutilia
782 2783 909 2848 quoquo
923 2771 1105 2834 testamenta
1129 2773 1213 2846 sunt,
1233 2770 1265 2834 in
1287 2771 1402 2850 quibus

201 2871 329 2937 heredis
358 2868 513 2934 institutio
534 2885 596 2929 non
620 2885 660 2930 ex
680 2867 781 2934 libera
809 2870 969 2932 testatoris
992 2867 1155 2936 voluntate
1176 2869 1318 2952 proiecto
1342 2876 1402 2948 est,

201 2971 304 3036 veluti
325 2971 353 3036 si
375 2986 438 3036 non
458 2983 528 3036 eum
552 2969 697 3044 instituit,
720 2985 812 3048 quem
828 2968 996 3034 instituere
1018 2969 1129 3046 voluit,
1152 2969 1205 3034 vel
1225 2986 1316 3052 quem
1339 2989 1402 3036 non

198 3071 398 3146 instituisset,
421 3070 449 3131 si
474 3085 536 3131 non
559 3068 746 3154 errassott).
790 3068 867 3130 ltem
889 3087 926 3130 ea
937 3070 1092 3138 institutio
1115 3069 1201 3134 nulla
1223 3077 1282 3150 est,
1306 3089 1400 3152 quam

200 3171 233 3236 vi
257 3169 309 3234 vel
329 3174 415 3235 metu
434 3173 561 3234 coaetus
583 3173 715 3236 testator
737 3168 941 3255 ordinarint).
988 3169 1020 3234 Si
1049 3171 1119 3252 quis
1141 3170 1214 3236 dolo
1244 3170 1341 3248 iecit,
1363 3177 1399 3233 ut

202 3271 240 3338 alr
252 3269 316 3336 alio
328 3271 559 3346 institueretur,
570 3273 787 3360 testamentum
798 3275 943 3356 tanquam
961 3271 1110 3338 vitiosum
1125 3271 1268 3338 aoousari
1281 3271 1401 3351 nequit,

205 3371 347 3456 quemvis
376 3389 416 3434 ex
447 3369 520 3433 dolo
548 3369 604 3432 ille
634 3369 752 3436 lucrari
774 3388 836 3433 non
857 3373 985 3451 possit·
1019 3371 1166 3452 lienique
1189 3369 1308 3440 nullius
1333 3389 1404 3438 mo·

202 3475 298 3537 menti
320 3476 395 3534 sunt
415 3475 620 3546 testamenta,
650 3471 682 3532 in
706 3469 820 3552 quibus
845 3471 928 3536 eirea
951 3471 1078 3536 heredis
1100 3473 1327 3538 institutionem
1348 3475 1402 3552 in-

203 3577 289 3634 certa
313 3577 362 3632 est
381 3569 542 3634 testatoris
565 3568 710 3632 voluntas
724 3569 763 3656 ²).
806 3566 854 3634 lle
875 3571 914 3633 iis
940 3573 1156 3651 testamentis,
1179 3588 1249 3655 quae
1271 3578 1402 3656 propter

202 3697 400 3714 ...μ-

238 3775 254 3830 1
285 3774 357 3826 Vide
373 3775 441 3828 Non.
460 3769 520 3830 107.
539 3791 562 3828 o.
581 3771 606 3826 5.
848 3829 850 3836 ,

239 3845 257 3898 2
287 3847 308 3897 1.
327 3843 406 3910 2,17
425 3843 534 3914 (quibus
543 3847 615 3898 mod.
625 3849 729 3908 testam.
739 3843 922 3914 infirmantur).
940 3845 1109 3918 111ρ.ΧΧ111.
1130 3849 1189 3905 (tot.
1200 3851 1225 3906 2.
1244 3849 1402 3922 §.138.teq.

203 3923 238 3974 D.
260 3915 304 3980 28,
321 3914 339 3968 3
357 3913 405 3981 (de
422 3917 529 3980 iniusto,
546 3922 632 3984 rupto,
650 3918 721 3970 irrito
739 3922 811 3972 faoto
829 3917 954 3988 κείω).

237 3985 266 4055 3)
287 3987 311 4047 §-
329 3986 354 4039 1.
373 3987 398 4040 2.
415 3989 437 4040 Ι.
456 3987 482 4052 2,
501 3987 534 4041 12
552 3985 660 4056 (quibus
679 4007 735 4043 non
753 3997 793 4044 est
809 3991 914 4059 pem).

236 4059 266 4128 4)
285 4060 328 4112 Fr.
348 4058 373 4111 2.
392 4057 415 4118 §-
435 4059 460 4119 1,
480 4061 513 4110 D.
533 4056 612 4126 2117
638 4058 686 4127 (de
704 4064 782 4116 ooad.
801 4060 882 4130 inst).
907 4067 939 4121 fr.
957 4060 983 4116 4.
1002 4081 1042 4132 pr.
1059 4063 1099 4119 1).
1114 4062 1158 4130 34,
1174 4060 1192 4119 8
1210 4061 1262 4131 (de
1277 4064 1328 4128 hia,
1345 4079 1402 4119 non

203 4147 266 4270 eug}
279 4147 328 4254 lff.
344 4126 587 4266 111ἓιο2ίρῗ1128,
606 4198 624 4254 7
643 4201 690 4284 (de
710 4205 800 4258 liberis
818 4210 845 4258 et
864 4203 973 4274 postu).
992 4206 1109 4262 o.9.10·
1128 4206 1158 4260 (l.
1177 4205 1204 4272 6,
1222 4205 1256 4262 21
1276 4203 1323 4272 (de
1339 4211 1401 4262 tout.

202 4272 280 4342 lull.)-
298 4290 320 4332 e·
339 4270 364 4328 ὃ.
384 4273 413 4326 O.
433 4272 580 4339 6,.231111.
599 4275 664 4340 oin).
1372 4291 1376 4306 ·

238 4345 267 4413 6)
288 4348 350 4412 Arg.
371 4343 435 4398 fr.2.
455 4344 477 4404 5.
485 4342 510 4397 7.
529 4347 563 4396 D.
573 4342 617 4409 37,
627 4344 659 4397 11
677 4343 724 4414 (de
732 4349 795 4400 bon.
806 4365 877 4416 poss.
887 4365 940 4403 seo.
950 4345 1017 4416 tab.)
1037 4355 1067 4402 et
1081 4347 1166 4404 init).
1186 4347 1261 4412 §.10-
1278 4345 1362 4414 MS,
1372 4349 1403 4408 1.

97 4447 101 4456 ι
202 4417 303 4474 Valere
319 4417 510 4476 institutionem
529 4417 578 4470 sed
595 4418 711 4472 serendi
734 4434 813 4486 ponae
833 4419 954 4476 defendit
971 4439 996 4476 o.
1019 4419 1169 4488 Vnoqerow
1186 4419 1210 4482 ἓ.
1230 4417 1292 4477 431.

237 4485 266 4556 e)
285 4488 328 4540 aa.
347 4485 390 4541 21.
408 4485 431 4548 s.
449 4487 474 4540 1.
492 4488 527 4538 o.
545 4485 588 4552 ee,
607 4485 622 4539 1
642 4482 691 4552 (aa.
710 4485 775 4556 oa).
793 4491 824 4544 e.
844 4489 868 4544 a.
887 4493 920 4544 o.
939 4487 984 4557 as,
1002 4486 1020 4542 e
1039 4488 1089 4560 (ae
1108 4489 1173 4559 oe).
