3082 4976
603 367 684 406 ιιιιι
704 369 722 410 ι.
743 367 801 410 aas.
822 368 840 410 ι.
1297 361 1338 418 39

166 503 199 581 5.
213 497 283 563 199.
328 495 535 578 Distinguunt
556 495 696 576 deniquo
727 501 758 558 et
789 513 843 558 ees
865 513 1037 576 personas,
1069 515 1146 578 quas
1168 499 1233 562 tasi
1256 507 1329 569 nota

125 597 296 662 maritatas
326 595 451 671 dieunt,
475 613 546 678 quae
567 596 631 659 iliae
650 614 729 660 reno
751 597 826 672 sint,
848 604 996 662 aoounate
1017 599 1049 660 in
1070 599 1142 662 iure
1165 600 1327 664 ‹tebnitunt

126 717 191 762 non
213 696 436 783 reporimus1).

171 799 285 882 4130.
329 799 478 881 Augetur
499 799 689 862 existimatio
712 805 822 864 nostra
839 799 1013 862 bonoribus
1045 803 1096 864 uel
1119 801 1326 886 dignitatibus

126 916 198 981 ques
221 900 314 963 nobis
340 899 556 962 senioruntur.
613 898 735 962 Uxores
757 904 792 964 in
819 900 974 965 eiusmodi
997 901 1124 964 ensibus
1145 905 1328 966 maritorum

125 999 305 1063 honoribus
325 1001 496 1081 participes
518 1000 722 1087 haherent).

168 1101 285 1184 4131.
328 1101 389 1166 Pro
410 1104 521 1183 ospitis
543 1104 725 1168 discrimine
745 1107 816 1168 iero
838 1104 925 1169 oiuiti
956 1123 1101 1187 personae
1122 1107 1154 1168 in
1177 1108 1239 1171 due
1263 1127 1325 1192 ge-

125 1222 205 1266 nera
227 1204 516 1288 distinguebantur,
539 1212 596 1270 aut
614 1209 696 1270 onim
712 1210 802 1272 ciues
824 1215 916 1279 erent
936 1215 990 1272 aut
1013 1209 1186 1292 peregrini.
1233 1207 1330 1277 Cives

126 1306 232 1370 autem
262 1307 378 1386 triplex
406 1313 499 1387 eaput
515 1310 695 1403 ⁸antiquitas
720 1310 841 1372 babere
869 1311 1112 1398 dicebanturi),
1144 1309 1330 1389 libertatem,

126 1407 287 1468 civitatem
311 1411 343 1468 ot
364 1407 520 1470 familiam.
564 1408 754 1472 Libertatem
776 1427 839 1472 non
867 1411 1009 1478 habuere
1032 1411 1130 1486 servi,
1155 1429 1226 1472 eum
1247 1413 1329 1476 atio·-

127 1525 200 1570 rum
220 1507 360 1574 demissio
378 1513 486 1570 essent
508 1510 654 1578 subiecti.
699 1510 755 1572 Est
773 1517 876 1574 autem
898 1511 1027 1582 libertas
1049 1512 1203 1573 naturalis
1225 1511 1350 1584 iasub.

126 1615 177 1670 tas
199 1609 287 1685 eius,
319 1609 402 1689 quod
425 1611 543 1690 auique
564 1611 671 1673 iacere
693 1610 780 1686 libet,
805 1611 867 1678 uisi
889 1611 974 1690 quoti
999 1612 1032 1672 vi
1051 1617 1106 1672 aut
1124 1614 1195 1674 iure
1216 1613 1328 1694 prohi-

125 1709 274 1794 beturi).
327 1699 462 1772 G'ivitato
486 1711 634 1772 serebant
656 1712 837 1792 peregrini,
862 1713 916 1790 qui
939 1711 1018 1772 iuris
1041 1711 1159 1773 oiriurn
1178 1729 1327 1775 musano.

125 1827 197 1872 rum
211 1826 269 1871 seu
280 1809 446 1883 Quiritium
458 1819 619 1892 ementes,
640 1812 766 1874 nonnisi
779 1813 852 1873 iure
865 1811 1007 1894 gentiunt
1023 1811 1183 1874 vivebant.
1207 1811 1328 1876 Civium
1425 1847 1429 1855 -

128 1915 326 1984 antemium
352 1912 414 1974 alia
437 1911 561 1992 publiea
578 1913 639 1974 alia
662 1913 805 1992 privata:
833 1911 900 1974 iliis
920 1911 1122 1975 contineatur
1142 1915 1192 1974 ius
1214 1912 1331 1984 suffra·
1427 1964 1432 1976 .

125 2019 253 2099 giorum
279 2017 311 2077 in
336 2017 468 2078 comitiis
490 2015 670 2096 pepulisti
693 2015 833 2078 bonores
854 2020 886 2079 et
899 2015 1102 2096 magistratus
1121 2013 1329 2097 perveniendi

59 2103 63 2119 ⁴
127 2119 272 2194 taenias,
287 2123 419 2193 ontera3
441 2119 508 2180 bas
531 2121 663 2180 maxime
687 2119 720 2179 in
733 2115 889 2182 oonrtubio
913 2122 944 2178 et
966 2116 1155 2178 eommoroio
1170 2115 1336 2178 consiste..

126 2219 214 2298 bant,
238 2222 320 2282 iuris
343 2219 414 2282 tere
436 2220 536 2282 omnis
558 2236 622 2299 quo
645 2221 788 2299 privates
811 2217 876 2279 iret
898 2218 1010 2297 potuit,
1043 2218 1145 2279 esuis
1175 2220 1207 2278 et
1231 2216 1328 2278 toart-

127 2325 201 2386 bus.
247 2321 444 2386 connubium
465 2327 516 2384 est
534 2323 645 2385 testam
670 2339 801 2384 uxorem
818 2321 953 2383 habendi
976 2319 1120 2394 ineuitaa
1144 2320 1329 2400 quaeritur

127 2424 229 2504 patria
250 2428 411 2504 potestas,
434 2422 596 2486 vinoulum
619 2423 815 2506 agnationis,
846 2420 1006 2488 hereditas
1035 2420 1187 2502 legitima,
1210 2419 1329 2493 tutete;

126 2541 169 2586 ex
191 2523 378 2588 semmeieio
403 2523 615 2604 proticisoitur
643 2523 812 2586 dominium
835 2519 1037 2602 eequis-enti,
1069 2520 1277 2582 contrahendi
1297 2527 1328 2582 et

129 2625 268 2688 tetendi
289 2631 445 2705 potestas.
486 2627 648 2696 Libertate
672 2623 782 2686 nititur
806 2625 857 2686 ius
879 2623 1059 2689 securitatis
1083 2637 1229 2701 persone
1249 2639 1333 2688 nos·-¹

127 2733 199 2803 tres,
221 2728 349 2790 civitate
373 2742 452 2788 voro
471 2729 521 2788 ius
545 2727 796 2802 existimationis,
819 2741 911 2804 qaam
933 2728 1060 2805 impune
1073 2722 1192 2788 tedere
1211 2725 1328 2794 nemini

127 2826 254 2915 tteett).
305 2809 352 2888 En
372 2830 598 2892 eonstitutione
625 2828 828 2908 imperatoris
849 2827 1000 2890 Antonini
1033 2827 1065 2886 in
1095 2824 1173 2887 orbe
1201 2839 1329 2885 romano

128 2931 185 3008 qni
206 2935 291 3004 sunt,
314 2930 402 2990 sivos
423 2931 541 2997 romani
566 2928 671 2991 effoeti
693 2935 767 2990 sunt
780 2929 821 3014 ⁸).
934 2969 937 2972 -

174 3028 291 3110 §.132
334 3027 494 3092 Familiam
516 3031 743 3111 quisquamne
759 3045 906 3092 romanus
929 3028 1045 3090 babuit.
1090 3028 1154 3090 Aut
1165 3029 1248 3090 enim
1269 3042 1329 3109 pa-

129 3128 315 3191 teriamitias
339 3136 426 3205 erat,
448 3130 589 3210 aliosque
616 3145 771 3211 personas
791 3129 937 3210 potestati
958 3143 1025 3191 suae
1046 3129 1208 3190 subiectas
1227 3126 1328 3188 babe-

129 3229 194 3304 bat,
218 3229 269 3290 vol
291 3229 478 3294 submittere
501 3233 611 3294 saltem
635 3248 753 3312 easque
777 3231 955 3314 agnationis
978 3229 1108 3294 vinonio
1135 3230 1332 3310 coniungere

128 3329 245 3409 potuit,
265 3331 351 3390 aut
342 3347 411 3411 ipse
434 3332 528 3393 alicui
550 3332 819 3412 iamitiaeprineipi
842 3335 909 3392 erat
920 3330 1094 3406 subrectus,
1116 3329 1235 3408 titoque
1246 3345 1331 3393 nexu

130 3431 161 3492 ei
185 3433 216 3492 et
240 3433 357 3494 sotoris
382 3433 524 3494 eiusdem
553 3433 677 3495 familia
698 3433 843 3513 personis
875 3430 1063 3494 eohaerobat
1107 3429 1184 3491 inde
1205 3427 1329 3492 inmitia

109 3515 290 3594 'mmutun
312 3531 503 3613 idomatpue
524 3534 702 3615 agnationis
727 3532 836 3594 baboni
858 3529 1002 3616 tobati),
1025 3529 1109 3610 quoti
1132 3529 1224 3592 duret
1246 3530 1334 3592 inter

130 3633 329 3709 coniunctos,
351 3633 472 3696 sublata
499 3637 591 3696 etiam
615 3637 766 3716 principis
789 3634 913 3698 familia
934 3639 1101 3715 potestate.

238 3831 303 3885 9.7.
321 3829 395 3956 g„
369 3831 395 3895 3,
415 3831 450 3886 28
470 3831 518 3898 (de
535 3834 609 3884 inoff.
628 3829 754 3896 testam..)
777 3835 808 3886 ir.
824 3829 871 3885 44.
888 3850 926 3898 pn
945 3833 980 3882 D.
998 3831 1042 3895 99,
1063 3830 1079 3890 2
1098 3829 1284 3900 (denupffls).

243 3903 295 3958 9.
370 3902 465 3964 1489
484 3903 532 3966 (de
552 3905 655 3966 ineolis,
674 3902 786 3970 stubi).
823 3905 955 3957 Vetissus
973 3905 1068 3970 fragm.
1090 3900 1192 3964 §.104

238 3974 321 4028 ι..11
340 3977 374 4028 D.
391 3973 418 4036 4,
436 3971 521 4042 δζᾱο
542 3991 591 4042 etp
592 3977 629 4028 ite
647 3973 774 4041 minutis).

166 4185 256 4253 bilis
271 4188 470 4260 elegantissima
495 4190 543 4241 sel.
572 4204 624 4240 eon
642 4189 763 4256 sesmoy
789 4188 884 4240 sisium
908 4189 969 4240 iura
987 4187 1097 4253 exponit
1122 4187 1163 4238 in·
1187 4184 1326 4240 Aeneade

132 4252 433 4315 dsrBsrls'nerAaect.
454 4257 909 4326 ,Ῑιὴνφ1812-1813,Ρὴιῐοομ
930 4261 1024 4312 bafflster
1042 4257 1085 4310 ΚΙ
1074 4262 1154 4322 7,(ιιισ
1174 4256 1273 4324 petit.

165 4327 194 4396 6)
214 4331 440 4397 Ulpianusinis.
461 4327 502 4382 17.
518 4333 552 4382 D.
570 4331 596 4380 b
616 4328 691 4397 tn(
710 4328 747 4392 5).

166 4399 196 4462 7)
214 4403 259 4452 Fr.
278 4399 338 4454 195.
358 4399 506 4462 19196.
524 4417 563 4468 pn
582 4403 615 4452 D.
634 4399 678 4463 50,
697 4400 740 4454 16.
779 4401 847 4452 Inde
865 4401 956 4468 agnati
976 4416 1012 4452 ex
1030 4400 1127 4456 eedem
1144 4401 1246 4452 familie
1266 4415 1326 4466 sog

131 4473 187 4526 nati
207 4472 339 4524 dieuntur.
358 4474 404 4524 Dr.
420 4440 505 4531 ibt.
524 4471 549 4525 9.
574 4473 609 4524 D.
630 4470 735 4536 3410
770 4471 831 4540 Uip.
849 4469 1053 4581 1ι.11,ιιο.4.
1101 4471 1216 4525 ennato
1236 4472 1326 4536 bam

131 4545 243 4594 Roman.
264 4549 290 4594 et
311 4545 453 4597 Moseiear.
475 4543 547 4596 xvi.
564 4541 592 4598 4
