3098 4966
575 359 924 406 ururarraenusumsnu.
1306 353 1360 408 149

157 499 300 583 germani
324 503 355 560 et
379 513 507 560 sorores
523 513 682 579 germane
701 496 858 577 liberique
872 494 1002 558 fratrum
1028 511 1215 559 sororumve
1236 496 1362 578 praedc-

156 601 345 677 iunctorum,
369 599 530 679 exprimo
553 597 665 681 gradu.

200 699 360 764 Vocantur
389 701 498 780 itaque
527 704 675 779 parentes
711 698 782 785 (eos
814 697 910 759 bodie
940 693 1141 758 ascendeutes
1173 698 1360 785 appellant),

158 805 181 865 i.
202 820 230 864 e.
256 807 319 865 tam
341 806 433 881 pater
455 805 486 861 et
504 805 615 876 mater,
638 817 730 879 quam
753 798 806 860 alii
828 803 986 878 parentes,
1010 799 1064 878 qui
1085 803 1267 878 supersunt,
1290 800 1361 862 sivo

156 901 288 965 masculi
309 901 380 964 sive
405 898 541 972 femine,
563 899 634 961 sive
655 914 723 960 sue
744 898 911 978 potestatis
934 900 1002 959 sive
1033 897 1091 960 sub
1121 903 1277 978 potestate
1303 898 1362 961 fuit

158 1005 200 1080 is,
224 1004 277 1064 cui
299 999 485 1064 succedunt.
529 999 561 1064 si
585 998 694 1080 plures
716 997 923 1061 ascendentes
947 1003 1039 1075 sunt,
1064 998 1096 1060 hi
1125 1004 1361 1079 preponuntur,

159 1105 216 1185 qui
236 1103 380 1184 proximo
401 1100 504 1184 gradu
526 1101 747 1180 reperiuntur,
777 1099 907 1162 masculi
929 1089 961 1161 et
983 1099 1123 1176 feminae,
1148 1100 1217 1162 sive
1239 1103 1362 1181 paterni

159 1206 231 1268 sive
253 1203 384 1266 materni
408 1207 490 1264 sunt.
536 1200 569 1264 Si
593 1200 764 1262 excudam
788 1199 888 1282 gra'du
909 1204 993 1276 sunt,
1017 1199 1178 1262 hereditas
1201 1199 1364 1281 acqualiter

158 1307 320 1368 intereos
343 1301 513 1379 dividitur,
534 1303 632 1364 itaut
655 1301 812 1363 dimidiam
834 1306 954 1381 partem
977 1303 1084 1362 omnes
1105 1301 1228 1380 paterni
1248 1318 1363 1363 ascen-

160 1407 294 1482 dentes,
318 1409 473 1484 quotquot
497 1403 579 1479 siut,
602 1403 772 1483 accipiant,
795 1402 949 1482 reliquam
972 1419 1049 1464 vero
1071 1401 1227 1464 dimidiam
1250 1418 1365 1465 ascen-

159 1508 273 1570 dentes
295 1505 439 1582 materni,
463 1501 666 1584 quotcunque
690 1520 745 1565 eos
767 1502 1137 1588 inveniricontigerit1).
1182 1503 1363 1566 Succedunt
1420 1575 1421 1580 γ

75 1598 79 1608 ’
158 1609 195 1671 in
218 1607 279 1668 hoo
302 1605 414 1667 ordine
438 1611 470 1668 et
489 1604 662 1686 adrogator
684 1609 715 1666 et
737 1605 791 1685 qui
814 1603 910 1684 plene
933 1603 1109 1684 adoptavit,
1132 1621 1192 1666 nec
1222 1621 1285 1666 non
1312 1603 1363 1664 f-

160 1709 262 1784 mina,
293 1723 363 1787 que
386 1706 565 1786 adoptavit,
602 1710 701 1766 mater
725 1711 757 1766 et
779 1711 926 1786 parentes
949 1707 1017 1768 eius
1045 1707 1136 1768 etiam
1160 1705 1270 1767 liberis
1296 1706 1363 1766 suis

159 1808 338 1890 illegitimis
365 1812 397 1868 et
419 1805 686 1869 descendentibus
708 1823 829 1868 eorum.
1229 1803 1231 1808 ’

205 1913 235 1992 g.
249 1908 322 1974 519.
366 1907 487 1980 Quodsi
511 1924 580 1968 cum
602 1907 845 1975 ascendentibus
868 1907 1071 1969 inveniantur
1095 1905 1209 1969 fratres
1231 1904 1284 1966 vel
1305 1922 1363 1967 so-

160 2027 255 2072 rores
278 2007 427 2071 dofuncto
447 2025 506 2089 per
525 2013 693 2088 utrumque
716 2013 878 2089 parentem
901 2008 1070 2089 coniuncti,
1094 2024 1163 2067 cum
1186 2005 1364 2068 escenden-

161 2111 248 2173 tibus
281 2108 383 2193 gradu
411 2108 613 2190 propioribus
643 2114 815 2184 vocantur,
851 2109 911 2169 etsi
949 2113 1040 2188 pater
1069 2112 1123 2168 aut
1151 2111 1251 2168 mater
1283 2107 1363 2168 sint:

162 2210 340 2273 hereditate
362 2207 486 2271 scilicet
508 2209 592 2270 inter
621 2226 676 2270 eos
700 2226 758 2289 pro
789 2225 919 2270 numero
946 2223 1151 2289 personarum
1184 2206 1365 2282 dividenda,

162 2318 199 2374 ut
222 2309 356 2392 quilibet
376 2309 612 2372 ascendentium
635 2315 665 2371 et
681 2309 810 2370 fratrum
825 2308 977 2388 aequalem
991 2313 1111 2388 partem
1126 2305 1249 2369 habeat.
1272 2307 1366 2370 Nulla

163 2428 292 2493 quoque
313 2409 494 2478 differentia
516 2412 599 2472 inter
621 2427 674 2472 eas
698 2426 851 2491 personas
874 2409 1080 2472 observatur:
1110 2425 1149 2470 an
1180 2407 1301 2468 femina
1326 2425 1365 2469 an

166 2510 297 2592 masculi
321 2512 406 2608 sint,
419 2513 472 2591 qui
497 2512 536 2573 ad
557 2511 762 2574 hereditatem
784 2516 949 2588 vocantur,
972 2528 1088 2591 anper
1110 2507 1301 2584 masculum,
1325 2527 1365 2570 an

164 2629 224 2692 per
245 2607 388 2674 feminam
410 2613 642 2694 coniungantur
652 2611 699 2700 ²),
724 2631 764 2674 an
784 2613 833 2674 sui
855 2613 953 2688 iuris,
973 2630 1012 2673 an
1034 2611 1092 2672 sub
1114 2615 1270 2691 potestate
1291 2611 1364 2672 sint.

209 2716 239 2795 ἐ.
252 2712 324 2780 520.
368 2712 475 2776 Liberi
498 2714 604 2775 fratris
628 2715 769 2794 germani
792 2712 846 2774 vel
868 2713 989 2774 sororis
1008 2727 1165 2793 germanae
1180 2727 1220 2770 ex
1234 2708 1366 2773 Novella

165 2811 304 2874 cxvm.
328 2814 602 2895 comparentibus
626 2819 657 2876 et
687 2813 784 2875 fratre
811 2813 864 2875 vel
884 2829 995 2875 sorore
1023 2811 1163 2874 defuncti
1191 2811 1283 2874 simul
1304 2829 1368 2874 non

164 2912 389 2975 admittuntur:
422 2914 514 2975 immo
542 2931 600 2994 por
629 2919 777 2993 parentes
800 2912 1011 2974 excluduntur
1022 2911 1061 2998 3).
1104 2911 1170 2975 lloo
1192 2913 1241 2974 ius
1264 2918 1367 2974 autem

165 3013 359 3085 lastinianus
380 3015 412 3075 in
434 3013 566 3076 Novella
580 3012 728 3076 CXXVll.
751 3014 901 3089 correxit,
924 3013 1107 3076 statuendo:
1133 3013 1185 3090 ,Si
1209 3014 1279 3092 quis
1295 3031 1367 3078 rno-

163 3116 253 3177 riens
278 3114 446 3194 reliquerit
472 3115 636 3195 quemdam
661 3133 700 3177 ex
726 3115 969 3177 ascendentibus
998 3119 1030 3176 et
1053 3114 1187 3190 fratres,
1220 3118 1367 3196 quicum

163 3215 350 3296 parentibus
376 3216 485 3277 vocari
507 3221 657 3296 possunt,
682 3215 877 3296 alteriusque
900 3215 1005 3276 fratris
1029 3217 1209 3296 praemortui
1234 3215 1365 3292 liberos,

163 3321 200 3376 ut
213 3331 283 3378 oum
299 3316 543 3378 ascendentibus
559 3321 590 3379 et
605 3315 765 3392 fratribus,
789 3315 994 3396 praedefuncti
1007 3318 1099 3378 etiam
1112 3315 1219 3378 fratris
1232 3315 1323 3377 liberi
1334 3315 1362 3402 ⁴)

163 3421 329 3494 vocentur,
354 3424 385 3480 et
405 3423 519 3479 tantam
540 3423 659 3498 partem
680 3417 845 3497 accipiant,
871 3421 1016 3496 quantam
1038 3421 1127 3496 pater
1148 3417 1287 3496 ipsorum
1308 3433 1365 3477 ac-

164 3522 314 3596 cepturus
338 3517 463 3594 luisset,
484 3520 511 3581 si
533 3519 688 3581 viveret‘.
1195 3596 1202 3605 .

206 3620 236 3698 ξ.
251 3617 324 3684 521.
369 3618 404 3680 ln
426 3620 485 3682 bac
503 3625 606 3682 autem
628 3620 747 3700 specie,
772 3621 799 3681 si
820 3637 890 3681 cum
912 3618 1008 3681 fratre
1032 3616 1171 3680 defuncti
1183 3615 1237 3680 vel
1254 3633 1367 3682 sorore

165 3717 217 3780 vel
239 3716 351 3780 liberis
374 3737 483 3782 eorum
512 3725 602 3800 pater
634 3721 815 3796 concurrit,
846 3721 879 3781 in
908 3719 1016 3781 harum
1046 3734 1251 3798 personarum
1277 3725 1366 3800 parte

164 3819 284 3883 nullum
306 3821 367 3883 sibi
390 3821 618 3884 usumfructum
641 3821 804 3885 vindicare
826 3826 941 3902 potest,
965 3822 1111 3901 quoniam
1135 3837 1192 3903 pro
1213 3821 1270 3884 illo
1284 3838 1378 3884 usu-v

198 4043 227 4110 1)
246 4045 316 4098 Sunt
332 4047 427 4098 iterum
443 4049 591 4100 maximam
609 4052 713 4115 purtem
730 4047 789 4115 ipss
807 4046 927 4098 Nouello
946 4047 1037 4110 rerba,
1056 4063 1079 4100 c.
1099 4050 1124 4102 2.
1144 4049 1172 4100 in
1190 4047 1261 4099 med.
1292 4048 1364 4098 inter

160 4118 237 4168 bonu
254 4123 374 4169 materna
393 4125 419 4170 et
436 4125 549 4187 paterna
566 4136 621 4170 non
638 4125 678 4171 cst
698 4118 926 4184 distinguendum:
951 4119 1053 4175 scilicet
1069 4124 1099 4170 ut
1116 4124 1229 4187 paterna
1246 4119 1364 4186 paternis

162 4189 328 4258 parentibus,
349 4196 471 4242 materna
487 4193 614 4243 maternis
634 4191 794 4243 deferuntur.

198 4257 229 4326 2)
248 4260 312 4326 Ipsa
329 4262 449 4314 Norcllae
465 4265 557 4314 verba.

149 4377 150 4380 ,
198 4327 227 4396 3)
247 4331 312 4399 cap.
331 4332 357 4384 3.
394 4333 438 4397 ,Si
458 4350 519 4384 cum
538 4335 665 4386 fratribus
679 4333 798 4385 defuncti
817 4331 1094 4396 ascendentcscticm,
1110 4337 1138 4383 ut
1157 4335 1218 4382 cuia
1239 4330 1363 4382 diximus

165 4403 203 4453 cd
222 4403 398 4456 hereditatem
416 4411 557 4468 vocantur,
576 4407 650 4456 nullo
668 4405 750 4456 modo
769 4404 805 4455 ad
824 4407 1020 4457 successionem
1038 4405 1073 4454 ab
1082 4406 1207 4457 intestato
1221 4402 1311 4453 fratris
1325 4417 1358 4453 re

164 4475 264 4527 sororis
281 4475 380 4528 liberos
397 4479 489 4529 uocari
506 4477 703 4545 permittimus.“

199 4541 229 4609 4)
249 4547 270 4597 1.
285 4561 308 4597 a.
326 4548 404 4600 libori
422 4550 511 4602 fratris
530 4564 567 4600 cx
584 4555 697 4616 utroque
715 4553 829 4614 parente
848 4549 972 4602 defuncto
992 4545 1132 4598 coniuncti.
