3062 4972
579 294 712 336 birrani.
732 295 850 336 curari.
1270 289 1322 346 285

161 419 208 481 De
232 437 270 482 eo
294 439 384 498 vero,
407 422 491 501 quod
505 422 660 485 deiectum
677 423 851 486 eiiusumve
867 431 926 502 est,
949 425 1047 508 dupli,
1069 435 1216 508 quantum
1232 430 1321 492 dam-

114 537 189 581 num
212 524 263 598 sit,
287 528 335 584 est
355 539 467 604 poena:
492 524 531 588 ob
555 524 710 588 hominem
733 545 811 588 vero
833 517 967 588 liberum
990 530 1140 607 occisum,
1163 534 1320 612 quinqua-

116 623 204 704 ginta
231 641 418 697 aureorum3
451 625 478 685 si
502 626 608 702 vivet,
639 627 840 707 nocitu‘mque
865 629 893 689 ei
919 645 990 690 esse
1013 630 1147 708 dicetur,
1170 639 1319 711 quantum

115 725 156 786 ob
180 743 247 787 eam
267 742 333 786 rem
356 742 478 804 oequum
501 726 600 788 iudici
621 728 758 805 videtur,
783 731 865 790 actio
891 727 984 790 datur
996 729 1033 816 l).

159 830 188 907 ξ.
204 825 296 892 1005.
342 827 418 890 item
441 831 599 891 exercitor
615 831 717 907 navis,
741 847 912 912 caupones,
935 837 965 893 et
981 832 1142 894 stabularii
1155 832 1193 894 dc
1208 833 1320 898 damno

115 933 172 989 aut
192 927 289 1005 furto,
314 929 398 1008 quod
422 933 452 992 in
473 933 546 994 navi
566 937 620 993 aut
639 941 780 1012 caupona
800 938 854 994 aut
875 933 999 996 stabulo
1022 933 1135 997 iactum
1157 936 1218 996 erit
1231 937 1322 1016 quasi

118 1047 160 1090 ex
181 1027 337 1092 nraleficio
356 1033 458 1092 teneri
480 1031 638 1109 videntur,
661 1035 688 1094 si
711 1034 803 1096 modo
827 1035 965 1114 ipsorum
987 1034 1107 1128 nulJum
1130 1035 1321 1122 est-maleb-

119 1129 213 1205 cium,
238 1128 294 1190 sed
316 1129 450 1192 alicuius
475 1150 594 1208 corum,
618 1150 750 1212 quorum
773 1152 869 1214 opera
885 1153 997 1196 navem
1014 1141 1068 1197 aut
1085 1153 1254 1216 cauponam
1269 1141 1322 1198 aut

117 1229 276 1290 stabulum
306 1226 504 1318 exercent).
549 1233 686 1295 Noxales
710 1251 837 1315 quoque
860 1238 1000 1298 actiones
1025 1237 1114 1316 quasi
1138 1218 1189 1298 cx'
1202 1235 1320 1298 delicto

115 1330 204 1391 nasci
227 1328 375 1391 videntur
398 1333 740 1419 (§§.1206.-1211.).

297 1519 366 1570 TIT.
388 1520 435 1569 ΙΙΙ.
471 1520 521 1570 Du
541 1520 690 1572 OETERIS
712 1520 838 1589 causis
859 1521 1145 1576 OBLIGATIONUM.

161 1653 191 1732 ξ.
207 1649 297 1714 1006.
342 1649 458 1712 Praeter
480 1670 589 1715 omnes
612 1655 668 1715 has
692 1653 902 1736 obiigationes
932 1657 1000 1719 aliae
1024 1655 1164 1736 quaedam
1192 1654 1321 1714 inveni-

117 1755 228 1826 untur,
253 1753 409 1836 singulari
431 1755 500 1815 iure
522 1755 709 1831 constituta,
732 1754 785 1815 vel
807 1755 893 1816 civili
917 1756 968 1818 vel
990 1756 1051 1817 alio
1074 1757 1154 1832 iure,
1179 1773 1248 1835 quae
1262 1773 1322 1816 ne-

118 1869 182 1932 que
208 1870 248 1913 ex
274 1858 434 1915 contractu
457 1872 560 1934 neque
583 1857 672 1934 quasi
695 1873 735 1917 ex
760 1861 933 1933 contractu,
960 1874 1063 1936 neque
1079 1875 1117 1918 ex
1131 1856 1246 1919 delicto
1260 1874 1322 1917 ne-

120 1971 184 2033 que
207 1955 297 2033 quasi
321 1973 362 2016 ex
386 1955 501 2019 delicto
525 1957 686 2018 oriuntur:
710 1975 763 2018 eas
788 1959 966 2020 nominasse
989 1959 1140 2020 hocloco
1163 1957 1308 2018 sufficiat.

165 2057 195 2135 ξ.
210 2055 301 2120 1007.
347 2057 379 2120 Si
400 2059 501 2120 iactus
525 2060 675 2120 mercium
696 2059 875 2120 imminente
896 2051 1038 2139 periculo
1062 2061 1092 2120 in
1114 2078 1199 2122 mare
1220 2058 1321 2121 factus

120 2155 174 2231 sit,
198 2153 273 2238 lege
295 2156 414 2221 Rhodia
437 2159 468 2235 ii,
493 2176 626 2239 quorum
648 2177 700 2221 res
714 2159 907 2222 deiectarum
922 2178 1028 2221 rerum
1042 2161 1171 2222 interitu
1186 2165 1323 2222 servatae

120 2263 206 2336 sunt,
230 2264 378 2320 tenentur
392 2260 430 2321 ad
446 2261 588 2322 damnum
604 2263 820 2342 proportione
836 2261 1089 2322 resarciendum:
1114 2262 1186 2339 quia
1200 2276 1321 2339 aequum
1394 2256 1397 2262 ’

119 2365 180 2435 est,
204 2363 395 2423 utomnium
419 2363 652 2425 contributione
674 2363 882 2438 resarciatur,
908 2362 991 2441 quod
1013 2379 1071 2442 pro
1093 2361 1235 2424 omnibus
1263 2379 1322 2422 ex-

119 2477 254 2540 pensum
278 2467 326 2523 est
338 2461 376 2547 ³).
716 2531 717 2535 Ἰ

163 2561 240 2623 ltem
262 2563 301 2625 ad
324 2562 425 2625 damni
447 2563 679 2625 restitutionem
701 2568 836 2640 tenetur,
860 2581 985 2626 mensor
1000 2564 1055 2643 qui
1070 2562 1183 2624 falsum
1197 2562 1323 2625 modum

119 2663 200 2726 dixit
211 2663 251 2750 4).
382 2748 386 2754 ι
833 2653 835 2660 '
1132 2681 1134 2685 ’

165 2765 305 2847 §.1008.
330 2763 538 2848 'Obligantur
569 2764 707 2844 quaedam
731 2781 874 2844 personae
897 2783 936 2826 ex
959 2765 1149 2847 cognatione
1179 2763 1231 2825 vel
1260 2761 1322 2826 alio

124 2867 257 2928 vinculo
283 2866 321 2927 ad
346 2865 489 2927 alimenta
515 2864 699 2944 quibusdam
721 2867 865 2948 cognatis
889 2865 1063 2945 praestanda
1080 2865 1179 2928 veluti
1195 2865 1323 2947 coniugi

124 2958 254 3042 coniux,
278 2983 393 3048 parens
415 2965 535 3041 liberis
558 2969 589 3026 et
611 2963 703 3026 liberi
726 2966 919 3046 parentibus.
964 2965 1095 3046 Proprio
1110 2983 1237 3045 quoque
1254 2967 1323 3026 iure

124 3067 259 3149 obligati
284 3067 442 3142 videntur,
470 3068 522 3146 qui
546 3066 584 3128 ad
611 3065 820 3128 exhibendum
841 3068 915 3128 item
938 3065 990 3128 vel
1004 3068 1191 3128 exercitoria
1206 3072 1259 3127 aut
1270 3067 1323 3127 in-

16 3251 17 3254 *
122 3168 395 3230 stitoriaaetione
417 3171 582 3240 tenentur3
616 3166 753 3245 denique
775 3172 882 3246 pater,
917 3167 970 3246 qui
1000 3185 1039 3227 ex
1062 3166 1168 3228 debito
1191 3165 1247 3226 iiiii
1270 3165 1322 3226 vel

122 3268 164 3331 de
187 3267 324 3348 peculio,
349 3267 401 3328 vel
425 3285 465 3328 ex
488 3268 579 3329 iussu
602 3265 654 3328 vel
677 3266 716 3328 de
738 3269 769 3328 in
790 3285 856 3328 rem
879 3285 974 3328 verso
995 3273 1131 3328 tenetur.
1165 3265 1212 3328 De
1226 3265 1322 3327 variis
1365 3325 1369 3336 ,

121 3369 212 3430 bisce
226 3367 473 3449 obligationibus
495 3369 525 3430 in
540 3373 651 3448 quarto
664 3367 744 3429 libro
757 3368 959 3466 dispiciemus
985 3365 1053 3454 (ἕξ.
1066 3364 1322 3450 1183.-1192.).

122 3505 323 3518 ,ι---ι--1

79 3603 82 3616 ·
161 3580 190 3648 1)
209 3581 232 3642 ἓ.
252 3581 316 3634 1.1.
336 3583 363 3633 h.
383 3589 401 3634 t.
422 3580 453 3632 D.
477 3580 539 3646 9,3
565 3580 673 3648 (dehis
694 3584 739 3651 qui
758 3583 961 3635 effuderintvel
983 3579 1146 3646 deiecerint).
1184 3583 1322 3634 Commen-

123 3658 197 3708 taria'
212 3655 249 3706 ib.
269 3671 294 3720 p.
312 3651 374 3706 439.
392 3670 420 3706 se
441 3691 447 3704 .

162 3723 192 3788 2)
212 3724 235 3784 ἓ.
254 3724 279 3778 3.
299 3726 319 3776 1.
339 3726 365 3776 h.
385 3731 403 3776 t.
451 3727 485 3792 ig.
504 3723 531 3788 4,
552 3725 569 3778 9
589 3721 697 3791 (nautae,
716 3723 874 3792 cauponas).

161 3796 190 3858 3)
210 3794 268 3864 Dig.
289 3795 333 3860 14,
352 3797 369 3848 2
388 3795 435 3862 (de
453 3798 513 3864 lege
532 3793 660 3860 Rhodia).

160 3865 190 3933 4)
211 3865 268 3934 Dig.
290 3867 334 3933 11,
351 3865 367 3918 6
390 3865 423 3933 (si
441 3883 547 3940 mensor
564 3868 662 3920 falsum
682 3865 811 3932 modum).

626 4116 821 4127 ..-
