3082 4976
445 312 448 327 ¹
632 343 822 388 trraouumso.
887 385 888 388 ,
1295 337 1328 394 te
1430 328 1434 338 “

126 471 389 553 turtsprudentie
410 485 545 532 romane
561 473 759 532 monumenta
773 474 946 550 supersunt
957 467 996 556 ¹),
1018 485 1087 549 que
1108 471 1248 554 undique
1263 477 1332 538 ter-

121 591 230 638 rarum
251 573 379 636 summis
401 570 547 634 laudibus
570 568 771 632 celebrantur
784 569 820 650 ²).

169 679 200 758 ξ.
216 673 266 738 61.
313 673 395 734 luris
417 677 521 734 autem
544 672 665 734 interea
689 675 790 732 status
811 669 893 750 apud
918 669 1072 734 Romanos
1096 672 1146 734 lnic
1170 672 1239 736 tuit.
1262 673 1326 738 tta-

124 776 304 856 deumque
326 775 405 836 iuris
428 771 543 848 civilis,
568 773 647 834 iuris
672 774 812 854 gentium
836 787 965 851 quoque
986 778 1054 834 erat
1077 775 1246 837 auctoritas
1269 793 1326 838 ea-

125 894 190 958 que
211 875 353 940 mexima.
405 871 457 934 lus
491 872 586 934 civile
617 872 769 952 seriptum
801 870 1008 954 exlegibus,
1032 874 1327 953 senatusconsultis,

125 978 203 1040 item
226 994 266 1040 ex
282 973 559 1058 constitutionibus
581 974 758 1053 principum
781 971 994 1036 descendebat
1005 975 1041 1056 ³).
1085 973 1196 1038 Forma
1216 977 1328 1057 reipu-

125 1076 220 1140 blice
242 1077 324 1140 enim
346 1093 410 1138 non
431 1075 533 1140 statim
556 1090 709 1154 perversa
734 1078 800 1150 est,
832 1073 941 1136 liberte
964 1075 1099 1138 ciuitatis
1123 1077 1231 1155 specie
1250 1093 1328 1157 per-

124 1176 279 1252 durante3
303 1195 402 1257 quare
422 1177 515 1238 etiam
537 1175 595 1236 sub
617 1175 726 1255 primis
739 1174 981 1255 imperatoribus
1004 1175 1094 1257 leges
1112 1173 1192 1246 latae.
1227 1176 1329 1240 Sena-

126 1278 398 1342 tuseonsultorum
422 1276 629 1356 autemcopia
651 1281 730 1352 erat,
753 1292 823 1338 cum
846 1275 1052 1356 imperatores
1066 1281 1194 1340 senatus
1217 1283 1329 1340 aucto-

126 1380 254 1442 ritatem
286 1381 318 1442 in
342 1377 496 1442 eiusmodi
519 1377 615 1440 rebus
640 1382 813 1460 augerent,
835 1394 898 1456 quo
920 1377 952 1438 in
977 1377 1045 1438 suis
1069 1376 1210 1440 consiliis
1233 1394 1329 1442 exse-

127 1479 266 1561 quendis
297 1485 444 1542 mutuum·
464 1478 502 1540 ab
533 1496 571 1540 eo
604 1477 755 1540 auxilium
787 1477 979 1558 acciperent.
1031 1477 1166 1542 Plurima
1190 1476 1269 1543 scu
1290 1478 1329 1542 ad

127 1581 354 1661 imperatorum
377 1582 537 1645 orationes
557 1579 683 1661 laota4).
1141 1567 1147 1578 ’

92 1749 101 1758 ,
174 1681 267 1765 §.db
312 1681 367 1743 His
387 1699 554 1744 accessere
579 1682 820 1744 constitutiones
835 1682 1029 1762 principum3
1053 1681 1333 1762 quodecimprin·

128 1801 206 1864 ceps
229 1801 287 1862 per
316 1782 479 1864 epistolam
511 1781 563 1844 vel
594 1781 858 1862 subscriptionem
890 1784 1019 1858 statuit,
1048 1781 1102 1844 vel
1133 1799 1331 1866 cognoscens

128 1883 292 1960 decrevit,
317 1883 369 1946 vel
392 1883 432 1945 de
453 1881 548 1963 plano
570 1883 780 1945 interlocutus
803 1889 862 1960 est,
886 1883 939 1944 vel
965 1883 1069 1946 edicto
1093 1887 1251 1964 precepit,
1273 1899 1331 1964 pro

128 1985 201 2046 iure
233 1989 264 2044 et
294 1981 367 2065 lege
398 1981 670 2045 custodiebatur.¹
704 1983 779 2056 ode
805 1985 1028 2064 imperatorum
1056 1983 1111 2045 tali
1139 1983 1230 2046 modo
1262 1985 1331 2046 iura

132 2083 291 2147 condendi
316 2089 456 2165 potestas
475 2103 551 2178 prum
577 2084 641 2163 lepc
659 2084 757 2167 repta,
782 2091 816 2148 ut
831 2085 957 2165 dicitur,
979 2086 1105 2162 nitatur,
1128 2084 1167 2146 dc
1188 2102 1226 2170 ep
1239 2083 1340 2146 valde

130 2185 296 2268 ambigunt
318 2185 395 2246 iuris
417 2188 620 2266 interpretes,
642 2186 717 2248 licet
741 2203 899 2266 nunquam
924 2186 1097 2248 dubitatum
1125 2185 1222 2248 luerit
1256 2187 1331 2268 quin

131 2283 165 2346 id
198 2283 282 2366 quod
311 2286 459 2366 princeps
484 2287 699 2364 constituerit,
733 2287 816 2370 legis
850 2287 951 2349 vicem
982 2285 1122 2349 obtineat
1133 2305 1142 2361 3
1174 2303 1244 2348 cum
1276 2303 1334 2366 per

128 2385 237 2468 legem
271 2385 436 2466 imperium
465 2385 649 2472 accipiatt).
711 2385 976 2450 Constitutionum
1006 2405 1155 2450 numerus
1191 2388 1332 2468 quotidie

129 2491 256 2562 auctus,
282 2483 373 2568 leges
397 2491 507 2566 postea
533 2492 565 2548 et
587 2487 861 2550 senatusconsulta
884 2489 1054 2551 rarissima.
1098 2486 1333 2568 Neque'tamen

130 2585 242 2666 primae
263 2587 504 2650 constitutiones
528 2589 565 2650 ab
588 2587 744 2652 Hadriano
771 2589 893 2652 demum
915 2589 1065 2670 profecte
1086 2595 1159 2652 sunt
1174 2590 1213 2672 ⁶).
1359 2664 1364 2672 ,

177 2685 271 2768 §.63.
317 2685 399 2750 luris
422 2705 550 2769 quoque
565 2707 628 2752 non
650 2691 759 2772 scripti
780 2692 905 2771 species
928 2691 985 2752 bac
1000 2695 1089 2754 aetate
1105 2689 1331 2771 perduravere.

133 2785 188 2850 lus
212 2784 424 2866 honorarium,
450 2794 581 2852 maxime
598 2790 703 2852 studio
713 2789 1013 2854 iurisconsultorum
1026 2797 1160 2868 auctum,
1185 2809 1334 2854 summam

133 2889 358 2951 auctoritatem
381 2896 559 2956 assecutum
583 2898 648 2969 est,
674 2892 821 2955 diuturno
842 2910 902 2955 usu
926 2883 1169 2974 cornprobatum,
1193 2892 1334 2974 quotidie

133 2985 298 3050 dilatatum
322 2994 353 3051 et
375 2991 570 3055 emendatum
584 2991 622 3080 ⁷).
646 2992 711 3055 Hoc
735 2999 766 3055 et
787 2994 845 3057 sub
858 2991 1015 3056 Hadriano
1042 2993 1196 3056 aluliano
1219 2993 1334 3056 factum

132 3105 208 3150 esse
232 3087 378 3167 traditur,
398 3093 541 3172 quamvis
564 3097 666 3156 tamen
690 3093 825 3156 edietum
838 3111 900 3156 non
921 3099 996 3156 tune
1011 3093 1134 3157 demum
1148 3100 1334 3176 perpetuum

171 3318 201 3390 1)
223 3322 355 3375 Praeterea
374 3331 400 3377 et
418 3325 471 3376 elia
493 3326 530 3376 ad
548 3342 599 3378 nos
611 3341 757 3394 peruenere
776 3331 804 3378 ut
821 3325 1106 3396 Uipe'crte‘frcpmeotc
1124 3329 1265 3382 socam
1283 3326 1335 3392 pri·

133 3409 209 3445 mum
228 3393 310 3456 edite,
329 3402 355 3448 et
375 3397 442 3450 Gce'e'
451 3395 654 3461 Inete'tute’oreee,
673 3415 727 3448 non
745 3399 846 3464 integre
868 3398 1022 3462 superstites
1040 3414 1111 3449 anno
1130 3392 1199 3450 1816
1219 3397 1336 3460 detectae,

132 3471 233 3518 cetere.

171 3532 199 3602 2)
217 3534 467 3590 iurisconsultorum
485 3537 559 3590 Rom.
571 3539 687 3592 indicem
707 3539 826 3592 invenies
839 3540 912 3606 apud
921 3541 1057 3594 Boebeiem
1075 3539 1105 3590 L.
1116 3539 1182 3591 (1.1).
1194 3535 1337 3596 ees—260

134 3611 198 3658 ante
222 3606 294 3658 Sera.
316 3608 466 3678 sulpitiump
485 3617 546 3678 post
563 3629 588 3677 p.
600 3607 750 3673 too-269,
769 3607 956 3678 ptos-419,
974 3607 1036 3674 472,
1056 3607 1116 3662 506.
1143 3615 1169 3662 et
1187 3611 1261 3678 apud
1282 3609 1333 3662 Pe

103 3723 106 3726 .
134 3679 219 3741 tbe'er,
241 3675 390 3732 Pondeetoe
413 3678 602 3735 recensente.
624 3682 678 3732 rol.
690 3681 710 3731 1.
736 3683 887 3748 Prolegom.
925 3683 1036 3734 Holte'ue
1054 3678 1240 3741 §.ott-oet.

172 3745 200 3813 3)
221 3747 321 3801 Get-1.
343 3749 456 3811 §.a-7.
492 3753 555 3820 Uip.
574 3754 737 3818 Fragmenta
754 3755 793 3804 tit.
803 3753 823 3802 1.
866 3754 1016 3820 Fragment.
1036 3753 1086 3803 lur-
1106 3769 1170 3804 rom.
1193 3754 1335 3805 Dosithes-

134 3835 200 3872 num
228 3817 318 3874 denuo
345 3837 430 3888 nuper
457 3824 519 3876 edit·
539 3841 556 3876 a
575 3825 657 3877 Fasti»
675 3821 725 3878 Aa.
746 3826 887 3890 &billius
913 3825 1010 3891 Lipsiae
1027 3820 1104 3876 1819.
1126 3841 1152 3890 p.
1166 3821 1202 3876 14
1221 3839 1287 3894 seq,
1310 3829 1337 3876 et

136 3891 240 3944 nenne
260 3893 336 3957 pubi
355 3909 421 3944 eura
443 3893 478 3945 Ε.
489 3895 616 3962 Boreke‘np
633 3895 662 3945 in
681 3897 799 3964 Corpore
817 3898 872 3948 eim.
889 3893 979 3947 Antei.
997 3911 1023 3960 p.
1035 3891 1078 3946 41.
1167 3909 1170 3919 ¹
1285 3949 1287 3959 Α
1334 3942 1338 3948 .

135 3959 285 4100 (dhrim
294 3963 390 4100 Annfl
400 3965 446 4016 VI.
457 3961 482 4016 7.
494 3963 536 4018 27.
557 3967 599 4017 Fr.
610 3963 636 4017 8.
655 3967 689 4016 D.
699 3962 723 4016 2.
744 3965 786 4018 15.
806 3961 853 4031 (de
871 3968 1019 4028 transeant).
1040 3966 1082 4018 Fr.
1091 3964 1190 4023 59-.60.
1219 3969 1253 4018 l).
1265 3963 1335 4020 2912

170 4047 186 4084 e
228 4036 257 4084 tu
275 4049 311 4086 nu
330 4041 371 4086 t..

173 4101 202 4168 5)
222 4053 445 4158 Οοιιεῐὶξιιτὶοηιιὶη
465 4107 539 4174 origo
562 4108 592 4158 in
609 4106 716 4158 militari
735 4105 931 4172 Imperatorum
949 4113 1082 4175 potestate
1101 4108 1246 4176 quaerenda
1263 4107 1338 4161 vide-

135 4180 188 4228 tur.
224 4175 301 4242 Lege
320 4177 462 4244 imperium
478 4179 534 4241 niti,
552 4179 644 4230 dieunt
664 4178 723 4230 Get.
744 4175 768 4228 1.
789 4175 841 4236 §.5
860 4187 886 4230 et
904 4180 948 4231 Fr.
961 4179 986 4231 1.
1021 4181 1054 4229 D.
1067 4179 1090 4242 1,
1108 4177 1127 4232 4
1144 4180 1192 4243 (de
1210 4177 1337 4244 constit).

173 4243 201 4312 6)
221 4245 274 4299 Otr.
293 4257 394 4296 consue
414 4257 500 4298 usco!
521 4251 556 4302 ab
574 4250 776 4316 imperatoribus
794 4251 912 4302 romanis
931 4257 993 4303 ente
1010 4251 1185 4303 lastinianum
1209 4251 1335 4313 letarum,

137 4319 524 4442 ffiffisssstpnomfimflwm
539 4321 651 4376 Codices
671 4326 818 4388 supersunt.
839 4312 953 4389 Collegit
972 4323 1110 4378 occasus
1128 4321 1236 4376 Hoeoel.
1272 4321 1336 4388 utp-

174 4455 201 4524 7)
221 4457 312 4514 Veluti
329 4477 346 4513 a
364 4461 503 4524 Labeone,
522 4477 575 4514 sec.
597 4463 665 4514 Gell-
682 4462 756 4514 xm.
776 4459 810 4513 10
829 4463 866 4516 ab
885 4462 981 4528 Obllop
999 4478 1051 4516 see.
1070 4464 1198 4532 Pompon.
1217 4460 1242 4522 ἓ.
1254 4458 1299 4514 44.
1319 4473 1336 4511 a

139 4528 206 4582 Gelo
225 4528 317 4586 Oeerlo
334 4547 387 4586 see.
406 4533 437 4584 tr.
456 4529 499 4584 26.
518 4530 542 4592 δ.
562 4529 587 4584 7.
606 4533 640 4584 D.
658 4529 685 4584 4.
703 4529 721 4584 o
740 4529 787 4601 (ex
806 4533 877 4602 quib.
892 4536 967 4587 'etue
986 4529 1101 4606 melon).
1314 4535 1317 4540 “
