3064 4966
211 315 265 373 204
534 325 734 364 rusurrurronue
755 325 829 364 runis
847 325 951 366 nouum
970 324 1091 367 rnrvrrr.

212 457 297 538 quod
320 456 520 520 ususfructus
544 455 685 537 quotidie
708 457 910 518 constituitur
925 456 973 541 ¹)²
1003 457 1023 519 i.
1047 475 1075 518 e.
1101 456 1184 536 quod
1213 456 1287 518 licet
1310 457 1411 520 semel

213 563 330 620 tantum
357 558 425 621 dies
450 557 547 641 legati
570 558 677 632 cedat,
712 560 813 618 umen
839 557 889 616 ius
911 555 1019 617 utendi
1041 573 1105 618 non
1129 557 1211 618 sicut
1231 559 1410 636 proprietas

212 661 309 723 semel
331 660 517 739 acquisitum
540 660 778 738 inperpetuum
801 655 1029 717 usufructuarii
1053 655 1168 718 factum
1190 657 1328 734 videtur,
1352 657 1411 720 sed

212 761 353 842 quotidie
375 761 479 822 denuo
503 761 695 841 acquiritur3
720 777 790 822 nam
811 779 851 822 ex
870 760 952 822 facto
974 763 995 822 i.
1019 779 1047 823 c.
1072 779 1112 823 ex
1132 761 1264 824 fruendo
1287 767 1413 824 constat

212 863 332 948 eius²)‚
355 862 405 923 cui
428 860 559 924 relictus
583 867 641 938 est,
662 862 798 941 ideoque
819 867 951 923 eatenus
973 868 1090 924 tantum
1112 864 1180 924 eius
1207 868 1271 940 est,
1297 869 1413 943 quate-

211 980 271 1025 nus
294 980 431 1044 persona
452 963 542 1024 adest
553 963 591 1046 3).
625 963 767 1048 'Quoties
790 980 869 1044 ergo
900 964 942 1024 itu
966 963 1109 1044 pluribus
1132 963 1332 1026 ususfructus
1353 983 1413 1026 re-

215 1057 311 1125 lictus
333 1065 392 1140 sit,
422 1069 456 1126 ut
479 1065 678 1146 singulorum
701 1065 733 1124 in
759 1063 895 1126 solidum
919 1069 950 1126 et
973 1081 1130 1126 concursu
1151 1070 1267 1128 tantum
1290 1067 1414 1128 divisus

213 1167 266 1241 sit,
286 1166 349 1226 iuri
370 1164 572 1226 accrescendi
594 1166 776 1226 necessario
789 1163 878 1226 locus
894 1165 965 1240 erit,
988 1181 1059 1225 cum
1073 1164 1173 1226 altera
1194 1181 1330 1246 persona
1351 1165 1415 1228 de-

213 1267 287 1344 ficit,
309 1268 379 1328 sive
403 1265 434 1327 id
457 1265 494 1327 ab
518 1265 608 1326 initio
637 1264 686 1340 lit,
715 1265 784 1326 sive
813 1270 942 1345 postea,
966 1281 1058 1343 quam
1081 1285 1117 1326 ea
1138 1266 1198 1326 iam
1219 1265 1281 1326 frui
1301 1285 1414 1346 crepe-

212 1373 278 1430 rat:
302 1385 371 1430 nam
395 1371 526 1429 eatenus
549 1371 666 1462 tantum
689 1369 795 1444 partes
818 1364 1018 1426 ususfructus
1033 1365 1120 1442 liunt,
1145 1372 1300 1446 quatenus
1322 1372 1415 1430 uter-

213 1487 275 1550 que
299 1469 414 1531 fruitur
428 1468 467 1554 ⁴).

270 1658 338 1710 TIT.
357 1659 390 1708 V.
427 1657 475 1708 DE
494 1655 728 1706 ADEMPTIONE
746 1655 794 1706 ΕΤ
812 1654 1089 1708 Tutusunuiouu
1107 1655 1343 1736 LEGATDRUM.

254 1776 284 1856 §.
302 1773 372 1836 717.
416 1771 567 1854 Legatum
591 1771 675 1852 quod
697 1772 801 1834 datum
825 1778 883 1849 est,
905 1772 997 1834 adimi
1020 1779 1126 1853 potest
1149 1773 1201 1835 vel
1222 1775 1417 1838 eodemtes-

214 1880 360 1950 tamento,
383 1873 436 1934 vel
458 1873 613 1935 codicillis
636 1879 822 1936 testamento
845 1873 1054 1950 confirmatis,
1077 1873 1150 1936 dum
1174 1879 1276 1936 tamen
1305 1875 1417 1938 eodem

214 1975 305 2036 modo
330 1973 493 2050 adimatur,
517 1991 581 2054 quo
605 1975 710 2037 datum
732 1981 780 2036 est
793 1975 833 2063 5),
855 1977 876 2036 i.
900 1995 928 2037 c.
954 1976 1111 2038 contraria
1134 1975 1266 2037 formula
1290 1995 1321 2036 v.
1337 1995 1364 2037 o.
1389 1977 1419 2038 si

110 2137 127 2165 Ι
216 2076 287 2156 quis
311 2075 469 2157 legaverit
489 2073 539 2151 do,
555 2075 637 2154 lepo;
661 2077 800 2159 legatum
824 2075 969 2139 adimitur
989 2095 1050 2137 non
1070 2077 1121 2151 do,
1136 2095 1198 2138 non
1217 2077 1291 2154 lopo.
1326 2076 1415 2148 Quod

215 2179 243 2240 si
265 2177 378 2240 factum
398 2164 511 2254 fuerit,
538 2179 608 2258 ipso
630 2179 700 2239 iure
723 2177 861 2260 legatum
883 2177 1038 2240 sublatum
1060 2185 1118 2240 est.
1162 2177 1418 2240 fideicommissa

216 2277 299 2340 nuda
322 2277 484 2340 voluntate
507 2278 686 2340 adimuntur
694 2296 703 2352 3
723 2279 750 2339 si
772 2277 910 2360 legatum
927 2280 969 2340 ita
983 2277 1148 2354 adimatur,
1174 2277 1238 2340 doli
1260 2278 1333 2340 mali
1358 2297 1418 2348 en-

214 2357 360 2460 ceptione
384 2378 477 2439 heres
501 2377 688 2460 legatarium
710 2376 845 2458 repellet
859 2379 898 2461 6).
931 2377 1003 2440 lure
1026 2379 1198 2440 novissimo
1221 2395 1290 2440 cum
1313 2376 1419 2460 legata

214 2480 462 2544 fideicommissis
483 2480 547 2540 siut
567 2479 781 2559 aequiparata,
809 2479 888 2540 nilril
910 2481 1063 2556 interest,
1095 2479 1209 2560 quibus
1232 2479 1331 2542 modis
1356 2478 1416 2540 ad-

216 2582 330 2661 emptio
352 2579 421 2654 liat3
444 2579 608 2642 dummodo
631 2580 778 2641 voluntas
796 2581 967 2657 testatoris,
989 2580 1127 2663 legatum
1148 2580 1286 2644 adimere
1299 2581 1417 2644 volen-

216 2683 268 2759 tis,
291 2685 423 2743 constet.
936 2755 945 2768 ⁶

256 2782 370 2866 §.tls
415 2782 581 2862 Spectatur
602 2787 706 2844 autem
727 2788 786 2843 tam
810 2783 842 2842 in
864 2781 975 2843 dandis
1003 2799 1095 2862 quam
1125 2779 1298 2843 adimendis
1323 2781 1418 2862 lega-

215 2887 255 2946 tis
278 2903 315 2945 ac
337 2883 587 2944 fideicommissis
620 2900 744 2962 semper
771 2881 945 2946 novissima
967 2883 1129 2959 voluntas,
1150 2899 1220 2943 cum
1239 2869 1328 2944 nemo
1354 2881 1417 2943 sihi

216 3003 283 3047 eam
307 2983 411 3066 legem
437 3001 556 3063 ponere
578 2985 698 3064 possit,
720 2990 754 3044 ut
775 3003 792 3047 a
814 2985 912 3065 priori
939 2983 1102 3046 voluntate
1123 2983 1152 3045 ei
1173 2981 1327 3044 recedere
1352 2999 1417 3044 uon

215 3083 363 3169 licenti).
416 3083 581 3164 Adcmptio
614 3085 712 3167 igitur
736 3103 799 3147 non
826 3086 927 3148 solum
951 3086 1076 3162 verbis,
1110 3084 1167 3146 sed
1195 3086 1286 3145 etiam
1320 3082 1418 3145 rebus

214 3186 292 3266 ipsis
317 3189 349 3247 et
369 3183 459 3246 sactis
483 3185 550 3248 fieri
571 3191 691 3267 potest,
720 3186 820 3248 veluti
841 3187 869 3248 si
891 3192 1023 3248 testator
1045 3185 1183 3269 legatum
1204 3182 1366 3245 induxerit
1375 3183 1417 3269 8),

215 3286 268 3349 vel
294 3287 322 3348 si
351 3303 417 3347 rcm
441 3284 575 3368 legatam
607 3286 801 3348 destruxerit
830 3285 881 3348 vel
907 3287 939 3347 in
961 3285 1053 3348 alium
1083 3284 1212 3346 formam
1235 3283 1418 3360 mutaverit,

216 3394 251 3450 ut
273 3389 312 3451 ad
332 3389 494 3468 pristinam
513 3390 650 3468 speciem
672 3389 782 3451 reduci
805 3396 942 3470 nequeat
952 3389 1000 3477 θ);
1030 3390 1104 3451 item
1121 3389 1148 3448 si
1170 3392 1299 3450 testator
1323 3387 1418 3446 vivus

219 3492 272 3555 alii
295 3510 362 3554 rem
388 3489 614 3576 donaverit10).
659 3491 692 3553 si
714 3491 891 3554 vendiderit
907 3509 984 3568 rem,
1007 3489 1195 3553 videndum:
1215 3506 1255 3550 an
1277 3485 1418 3567 legatum

246 3652 281 3718 4)
304 3653 438 3704 Vaticana
457 3653 480 3712 ἓ.
502 3649 551 3704 77:
577 3653 692 3716 „Omnes
711 3655 782 3706 enim
800 3661 924 3708 auctores
942 3657 1015 3722 apud
1034 3656 1166 3706 Plautium
1186 3654 1220 3706 de
1238 3654 1290 3704 hoo
1306 3667 1419 3704 consen-

217 3731 315 3787 serunt,
336 3729 365 3774 ut
383 3729 410 3775 et
428 3725 521 3775 Celsus
540 3729 567 3776 et
585 3725 704 3777 Iulianus
723 3727 860 3793 eleganter
877 3729 967 3778 aiunt:
988 3729 1153 3780 ususfructus
1164 3725 1273 3795 cottidie
1283 3725 1420 3776 constitui·

217 3801 259 3848 tur
278 3800 304 3846 ei
322 3796 438 3860 legetur,
455 3811 510 3862 nou
528 3801 557 3846 ut
574 3797 724 3864 proprietas
743 3815 774 3850 co
793 3799 850 3850 solo
868 3804 995 3866 tempore,
1014 3814 1067 3866 quo
1084 3796 1257 3851 vindicatur.“

251 3863 278 3930 2)
300 3867 386 3916 vatic.
406 3865 428 3924 ἓ.
449 3865 491 3919 59.
595 3866 623 3934 3)
644 3869 730 3920 vatio.
749 3869 772 3928 §-
793 3869 836 3922 55.

249 3935 279 4002 4)
299 3937 367 3988 Inde
384 3937 413 3986 in
433 3938 572 3988 Vaticanis
592 3940 703 3991 dicitur:
723 3957 784 3992 cum
802 3943 1015 4009 primumitaquc
1032 3955 1087 3992 uon
1103 3939 1221 3991 inveniet
1236 3939 1353 3989 alterum
1371 3938 1416 4006 qui

216 4009 266 4062 eibi
285 4013 435 4070 concurret,
455 4009 529 4059 solus
542 4013 635 4062 ‘utetur
652 4017 747 4063 totum.

252 4077 280 4140 5)
300 4080 361 4146 Ulp.
381 4081 476 4146 fragm.
493 4081 593 4132 XXIV.
613 4082 657 4134 29.

250 4147 279 4216 6)
297 4152 342 4202 Fr.
362 4147 387 4287 ιζ)
407 4151 430 4210 ἓ.
451 4151 494 4202 11.
513 4153 544 4204 fr.
563 4151 589 4204 4.
617 4156 650 4206 D.
670 4155 697 4204 h.
714 4159 733 4205 i.
759 4153 818 4204 Gai.
837 4151 862 4202 2.
889 4151 914 4212 S.
933 4151 993 4204 198.
1016 4171 1038 4205 o.
1058 4150 1101 4206 17.
1127 4152 1156 4204 0.
1176 4151 1203 4214 6,
1219 4147 1255 4202 42
1274 4148 1323 4215 (de
1343 4150 1420 4202 lidel-

217 4223 384 4275 commrssis.

250 4290 278 4358 7)
299 4294 342 4345 Fr.
358 4293 383 4344 6.
403 4292 426 4352 ἓ.
448 4293 473 4345 2.
491 4297 523 4346 fr.
545 4292 586 4347 17.
607 4299 640 4348 D.
659 4297 686 4346 h.
705 4300 723 4346 t.
742 4297 773 4345 fr.
794 4292 835 4345 12.
855 4293 878 4354 ἓ.
897 4293 922 4346 3.
941 4294 975 4342 D.
995 4293 1039 4347 30.
1057 4297 1089 4346 ir.
1110 4292 1153 4345 22.
1172 4309 1211 4359 pr.
1228 4292 1262 4342 D.
1281 4289 1325 4342 32.

249 4361 277 4430 8)
299 4366 342 4416 Fr.
361 4364 403 4416 16.
422 4366 455 4415 D.
475 4367 501 4417 h.
518 4370 537 4416 l.
638 4365 667 4431 9)
686 4367 729 4416 Fr.
747 4363 790 4418 65.
810 4363 834 4424 §-
853 4363 877 4416 2.
894 4367 928 4415 Ι).
947 4362 990 4417 30.
1008 4369 1041 4417 fr.
1058 4362 1101 4417 88.
1122 4364 1145 4423 §-
1164 4362 1188 4414 2.
1207 4365 1241 4414 D.
1259 4360 1303 4414 32.
1331 4377 1335 4386 ·

232 4433 340 4556 1οὲ48).
361 4433 402 4486 18.
421 4438 455 4486 D.
473 4437 500 4487 h.
519 4442 538 4488 t.
574 4438 608 4490 El
632 4439 786 4504 ademptum
804 4441 844 4488 cst
867 4437 1001 4501 legatum,
1022 4438 1072 4490 etsi
1098 4435 1282 4488 donationes
1304 4432 1424 4494 valestr-

214 4505 245 4556 fr.
301 4543 307 4556 .
329 4505 353 4570 5.
376 4505 400 4558 1.
419 4506 480 4558 scd.
