3098 4966
565 321 922 367 ιιιιιιι.ι·ιιιιιι.ιιι·.ιιι.
1298 317 1349 376 let

148 456 423 520 coniunctissimos
449 450 509 517 sibi
532 459 684 538 cognatos
708 455 871 537 preterire
894 454 1006 520 liceret
1013 475 1023 532 3
1048 475 1111 522 non
1135 478 1207 524 raro
1229 463 1348 539 evenit,

147 562 184 619 ut
202 562 350 638 parentes
372 556 491 618 liberos
511 553 670 636 liberique
692 559 840 637 parentes
862 575 879 619 a
902 556 993 618 bonis
1013 559 1080 620 suis
1100 561 1210 641 inique
1233 561 1347 624 exclu-

147 656 271 720 derent.
314 656 379 719 liae
401 655 440 719 de
464 657 586 720 ratione
607 658 678 718 iure
700 655 789 719 civili
809 655 1020 720 introductum
1045 663 1104 735 est,
1125 665 1160 721 ut
1181 662 1250 724 sine
1264 663 1348 724 iusta

147 756 453 822 oause'enlaeredati
476 755 528 819 vel
549 756 701 838 preteriti
724 756 764 819 de
787 757 897 837 iniquo
917 756 970 820 vel
992 757 1180 837 inofficioso,
1202 765 1237 821 nt
1256 760 1347 824 dioe-

146 859 251 935 batur,
284 863 471 923 testamento
502 857 663 937 querelam
698 875 802 920 coram
824 859 1027 922 centumviris
1050 863 1180 940 possent
1206 877 1346 938 movere,

146 961 212 1040 qul,
234 958 360 1038 quando
382 963 530 1039 parentes
551 957 603 1020 vel
626 957 718 1022 liberi
742 955 839 1021 aliive
865 961 991 1042 cognati
1013 962 1131 1024 iniuste
1153 980 1170 1024 a
1194 967 1346 1028 testatore

147 1058 271 1123 exclusi
297 1063 405 1121 essent
426 1059 568 1141 cogniti,
602 1057 758 1122 eiusmodi
780 1064 1018 1138 testamentum,
1053 1062 1144 1142 quasi
1170 1081 1187 1124 a
1212 1061 1346 1140 lurioso,

147 1161 203 1242 qai
223 1159 351 1240 pietatis
372 1157 508 1222 officium
526 1157 735 1242 neglexisset,
759 1159 873 1222 iactum
895 1161 1128 1238 rescindebant,
1151 1160 1347 1244 utlegitimve

146 1260 357 1337 successioni,
378 1261 607 1340 preteritarum
628 1277 834 1341 personarum
858 1263 969 1344 gratia,
992 1266 1077 1324 esset
1098 1262 1241 1346 loeua1).
1278 1257 1346 1325 Ne·-

146 1375 213 1443 que
233 1373 312 1424 vero
333 1360 374 1424 de
394 1377 433 1424 eo
455 1361 670 1441 querebantur
693 1361 740 1424 he
762 1377 923 1442 persone,
954 1362 1038 1442 quod
1062 1362 1198 1426 heredes
1221 1365 1253 1425 in
1276 1365 1346 1424 tes-⁸

145 1467 283 1526 umento
302 1461 401 1542 patris
423 1462 549 1541 scripte
572 1477 635 1524 non
658 1467 777 1538 essent,
800 1461 856 1524 sed
879 1461 963 1541 quod
985 1460 1063 1542 ipsls
1086 1481 1104 1526 a
1128 1468 1279 1528 testatore
1299 1461 1344 1528 nil

147 1565 236 1626 esset
257 1560 412 1626 relictum.

189 1664 220 1744 ξ.
233 1659 305 1728 689.
350 1657 428 1724 inde
448 1658 504 1724 illa
525 1663 603 1725 iuris
627 1661 741 1744 regula
761 1665 901 1742 recepta,
926 1662 1022 1726 certis
1038 1662 1194 1744 cognatis,
1215 1668 1249 1725 ut
1262 1678 1345 1744 que-

144 1762 213 1826 rela
240 1761 465 1840 removeatur,
492 1763 610 1844 aliquid
640 1779 681 1824 ex
708 1762 800 1826 bonis
824 1763 1003 1824 testantium
1032 1778 1223 1842 quocunque
1251 1764 1344 1829 titulo

145 1877 218 1926 esse
239 1862 493 1944 relinquendum.
536 1863 576 1925 Et
595 1867 667 1944 post
686 1862 792 1947 legem
814 1859 992 1940 Falcidiam,
1017 1863 1113 1947 (anno
1137 1862 1197 1927 714
1211 1881 1240 1925 a.
1254 1879 1285 1924 ιι.
1298 1865 1343 1951 c.)

144 1962 304 2028 definitum
326 1969 385 2040 est,
409 1969 444 2024 ut
467 1967 608 2044 quartam
631 1964 700 2025 eius
718 1964 873 2045 portionis
897 1969 1027 2043 partem,
1050 1980 1142 2043 quam
1164 1964 1203 2040 ie,
1228 1963 1280 2025 cul
1304 1980 1342 2025 ea

144 2061 352 2143 relinquenda
374 2069 452 2141 erat,
476 2063 514 2126 ab
536 2065 683 2126 intestato
707 2079 747 2125 ex
768 2062 908 2126 deiuneti
921 2063 1011 2126 bonis
1030 2066 1219 2145 recepisset,
1242 2064 1271 2124 ei
1286 2079 1343 2126 re-

143 2165 292 2246 linquere
315 2164 445 2228 deberet
474 2164 657 2251 testatori).
702 2163 775 2226 lloec
806 2170 915 2244 quarta
945 2169 1055 2245 postea
1085 2165 1188 2244 portio
1219 2163 1345 2246 legibue

143 2264 249 2328 debila
275 2265 457 2342 vocabatur,
481 2279 565 2327 nunc
587 2264 719 2344 tepitim
740 2255 843 2344 portio
866 2264 918 2327 vel
943 2263 1130 2345 simpliciter
1148 2263 1279 2344 imoimo
1293 2263 1345 2326 di-

144 2365 237 2428 citur.
282 2365 400 2440 Quodsi
422 2383 458 2429 ea
481 2370 669 2428 testamento
692 2381 754 2428 non
776 2371 862 2427 esset
885 2364 968 2441 data,
992 2364 1044 2427 vel
1067 2365 1099 2426 in
1122 2381 1160 2428 eo
1181 2366 1343 2441 diminuta,
1448 2357 1453 2372 '

144 2464 198 2528 vel
228 2481 286 2548 per
315 2465 400 2529 inter
426 2467 520 2530 vivos
542 2467 742 2530 donationem
766 2465 934 2543 exhausta,
970 2463 1139 2530 inofliciosi
1166 2467 1343 2530 testamenti

146 2560 201 2628 vel
222 2565 401 2630 donationis
423 2567 553 2646 querela
573 2567 822 2648 permittebatur.

189 2667 301 2749 §.aaa
347 2665 413 2729 Tali
434 2667 526 2730 modo
549 2667 609 2730 hoc
641 2667 690 2729 ius
720 2666 904 2748 perduravit
933 2668 1101 2748 perpaucis
1129 2667 1341 2732 tantummodo

142 2767 267 2829 mutatis
289 2782 392 2846 usque
415 2765 454 2828 ad
479 2766 693 2852 Iustinianum.
739 2765 962 2830 Constantinus
988 2767 1069 2829 enim
1099 2766 1143 2829 nil
1166 2768 1340 2847 innovavit,

142 2870 204 2932 uisi
226 2873 260 2930 ut
280 2870 450 2928 statueret:
473 2866 557 2929 inter
576 2871 729 2950 cognatos
753 2883 792 2929 ex
815 2872 997 2929 transversa
1017 2867 1100 2930 linea
1122 2866 1209 2930 solos
1226 2866 1341 2932 iratres

143 2969 296 3044 defuncti,
316 2968 489 3050 agnatione
513 2968 637 3032 iunctos
666 2969 837 3050 legitimam
866 2971 1042 3050 portionem
1068 2968 1187 3034 habere
1213 2968 1342 3045 debere,

140 3069 239 3150 idque
261 3069 387 3134 nonnisi
411 3085 449 3131 eo
472 3068 504 3132 in
525 3085 612 3146 casu,
635 3085 698 3149 quo
721 3067 887 3132 defunctus
911 3069 1010 3132 irater
1033 3075 1154 3150 turpem
1175 3085 1341 3150 personam

141 3171 332 3236 instituisset
355 3168 503 3232 heredem
516 3169 558 3256 ³).

185 3275 217 3353 ἕ.
228 3269 300 3338 591.
344 3270 536 3334 lastinianus
559 3287 686 3350 quoque
708 3275 872 3350 utramque
889 3272 1009 3334 veteris
1022 3271 1101 3334 iuris
1115 3286 1254 3332 normam
1268 3283 1342 3332 ser-

140 3357 240 3447 vovit,
262 3370 352 3434 hisce
374 3369 563 3434 reformatis.
607 3369 676 3434 Non
699 3370 801 3434 solum
823 3369 1021 3436 filiofamilias
1040 3370 1096 3432 sed
1116 3371 1230 3450 quovis
1251 3368 1341 3432 etiam

140 3469 205 3534 alio
225 3487 285 3534 suo
308 3470 427 3534 herede
449 3470 501 3533 vel
522 3473 717 3552 emancipato
739 3473 865 3549 omisso,
888 3470 1000 3534 inutile
1025 3487 1098 3533 esse
1118 3468 1219 3534 voluit
1238 3471 1339 3530 testa-

139 3557 296 3648 mentum,
327 3571 380 3634 vel
402 3570 556 3634 bonorum
581 3572 816 3652 possessiouem
846 3577 955 3635 contra
985 3569 1106 3634 tabulas
1131 3565 1339 3655 concessit4).

141 3671 248 3747 lussit,
271 3676 305 3732 ut
327 3669 458 3752 querela
477 3670 644 3736 inofficiosi
665 3674 843 3736 testamenti
865 3691 928 3736 non
943 3674 1044 3754 possit
1055 3671 1188 3748 moveri,
1211 3667 1337 3750 quando

140 3788 215 3854 pars
237 3771 385 3855 legitime
406 3773 561 3854 portionis
590 3778 677 3836 esset
700 3773 831 3851 relicta,
863 3771 921 3838 sed
946 3772 1134 3854 implendam
1166 3789 1233 3838 eam
1262 3787 1336 3838 esse

365 3877 382 3911 Χ

176 3991 206 4060 1)
226 3995 269 4047 Pr.
287 3995 309 4048 1.
328 3991 405 4057 2,1e
428 3993 476 4060 (de
496 3996 571 4052 aar.
589 3993 715 4064 mamm).
739 3999 771 4050 ir.
791 3995 868 4050 1-5.
891 3999 925 4050 D.
945 3995 972 4060 5,
992 3997 1008 4050 2
1028 3993 1100 4060 (eod.
1119 3991 1179 4062 tlt).
1214 3994 1277 4050 Hoc
1292 3994 1337 4048 ias

138 4081 248 4136 quoque
265 4082 312 4132 per
330 4069 507 4121 centumviros
529 4068 711 4122 introductum
728 4085 787 4123 eme
804 4069 916 4124 videtur.
944 4069 1004 4122 Vel.
1025 4069 1099 4120 Max.
1119 4068 1177 4122 vu.
1196 4063 1221 4122 7.
1241 4068 1273 4120 ir.
1293 4063 1336 4120 13.

139 4134 436 4275 1⁷’mustellae&Falcidia
454 4210 576 4278 mtlme
593 4209 721 4278 pordano
739 4211 915 4280 quantitatem
931 4211 1045 4280 primam
1057 4209 1194 4263 definitam
1211 4221 1280 4282 esee,
1299 4221 1336 4259 ex

138 4281 220 4334 variis
240 4281 388 4333 rationibus
408 4281 540 4334 conlisere
555 4282 626 4334 lieet

175 4347 203 4416 ὃ)
223 4351 295 4416 c.1,
316 4352 341 4404 2.
360 4352 390 4404 0.
408 4351 513 4406 Theoti.
532 4352 558 4417 2,
577 4352 620 4419 19,
639 4367 697 4421 quoe
713 4349 807 4420 paucis
824 4351 931 4404 mutatio
948 4353 976 4406 ln
994 4371 1016 4407 o.
1036 4349 1079 4408 27.
1100 4352 1166 4419 M,
1184 4349 1219 4406 28
1238 4345 1333 4416 (eod).
