3062 4972
197 321 251 380 344
520 332 720 372 rrarrrurrcm
740 332 936 372 rueramus
957 329 1077 370 narrari.

199 461 342 524 damnum
364 461 433 522 sine
453 461 569 522 iniuria
591 457 735 522 incientis
758 457 872 520 dutum.
907 456 974 520 Nec
997 460 1079 520 enim
1100 460 1337 540 potestanimai
1350 461 1403 523 in-

199 563 311 625 iuriam
334 561 450 623 secisse
473 561 533 623 dici
558 559 641 640 quod
662 575 760 621 sensu
783 564 879 620 caret.
923 559 955 622 Si
979 577 1073 622 ursus
1090 559 1209 644 fugerit
1229 581 1248 624 a
1272 561 1403 628 domino

201 670 233 725 et
254 665 300 725 sic
320 662 475 738 nocuerit,
498 679 560 723 non
583 665 688 742 potest
707 659 862 740 quondam
886 659 1030 723 dominus
1042 664 1218 743 conveniri,
1240 665 1317 744 quie
1344 664 1403 726 de-

200 765 254 826 siit
275 763 418 826 dominus
439 779 522 838 esse,
545 761 598 822 ubi
619 759 686 824 sera
709 761 813 824 evasit
827 761 865 845 ¹).

241 867 271 946 ξ.
285 862 377 927 1211.
422 861 574 924 Caeterum
597 862 759 924 sciendum
781 867 844 937 est,
874 861 1003 924 aedilitic
1025 861 1129 925 edicto
1151 863 1316 944 prohiberi
1344 881 1403 926 nos

199 981 324 1040 canem,
348 981 489 1040 verrem,
513 981 640 1044 aprum,
668 980 796 1038 ursum,
819 961 943 1024 leonem
974 963 1017 1024 ibi
1039 962 1174 1040 habere,
1210 979 1274 1042 quo
1297 963 1402 1046 vulgo

199 1067 260 1126 iter
281 1063 324 1124 fir.
367 1063 406 1126 Et
429 1067 455 1125 si
478 1063 632 1126 adversus
657 1082 694 1125 ea
719 1063 832 1124 iactum
856 1065 918 1125 erit
940 1069 972 1125 et
993 1065 1131 1126 nocitum
1154 1063 1255 1126 libero
1280 1063 1403 1128 homini

201 1182 274 1227 esse
295 1165 430 1242 dicetur,
455 1169 564 1248 quanti
584 1167 700 1229 bonum
720 1172 752 1228 et
770 1183 893 1246 aequum
915 1166 1013 1228 iudici
1036 1166 1173 1243 videtur,
1195 1165 1273 1227 tenti
1295 1164 1405 1228 domi-

201 1283 261 1327 nus
286 1267 524 1330 condemnetur.

244 1366 433 1430 Ceterarum
455 1387 535 1431 vero
556 1385 662 1430 rernm
685 1369 793 1448 quanti
814 1368 916 1430 damni
939 1368 1043 1430 datum
1067 1369 1118 1445 sit,
1144 1369 1248 1450 dupli;
1284 1373 1407 1448 praeter

202 1469 258 1530 bas
278 1475 380 1531 autem
403 1467 548 1531 aediiitias
571 1471 711 1531 actiones
735 1469 825 1530 etde
848 1470 999 1550 pauperie
1023 1469 1125 1532 locum
1148 1467 1328 1555 babebit2).

702 1680 900 1688 -----

724 1845 790 1908 dii.
812 1847 862 1907 lu.

607 2025 670 2092 Du
694 2023 990 2092 JNTERDIOTIS.

452 2215 520 2266 TIT.
541 2215 562 2264 Ι.
599 2213 793 2268 COMMUNIA
810 2213 1109 2266 INTERDIOTORUM
1120 2211 1141 2280 ³)

243 2358 273 2436 ᾖ.
289 2351 380 2416 1212.
424 2349 577 2429 Superest
598 2353 632 2408 ut
654 2347 694 2409 de
714 2347 891 2409 interdictis
914 2347 1127 2427 dispiciamus.

242 2453 338 2514 Erant
370 2449 536 2511 interdicta
567 2449 716 2526 decreta,
743 2448 857 2528 quibus
881 2453 997 2528 praetor
1019 2447 1071 2508 vel
1095 2447 1176 2510 alius
1200 2452 1407 2532 magistratus

200 2553 415 2614 auctoritatem
438 2567 526 2611 suam
549 2549 770 2628 interponebat
791 2548 828 2610 ad
852 2549 914 2608 vim
931 2547 1155 2628 prohibendam
1171 2549 1225 2611 vel
1239 2551 1408 2632 repellen-

202 2653 281 2728 dam,
303 2669 373 2713 curn
397 2655 450 2710 aut
472 2649 541 2710 fieri
564 2648 683 2729 aliquid
698 2649 883 2729 prohiberet
908 2655 961 2710 eut
976 2649 1192 2714 adversarium
1217 2650 1325 2714 iacere
1342 2652 1409 2714 ali-

202 2754 278 2834 quid
302 2751 446 2814 iuberet:
473 2767 542 2831 quar
567 2750 713 2826 decreta,
747 2768 816 2811 cum
847 2752 942 2811 certis
974 2749 1118 2813 formulis
1149 2758 1181 2813 et
1208 2753 1407 2817 solemnibus

201 2854 309 2917 verbis
333 2857 441 2914 essent
464 2856 626 2930 concepta,
650 2870 666 2912 a
692 2850 768 2912 Gaio
784 2849 926 2912 i'ormulae
943 2856 975 2910 et
989 2851 1158 2912 verborum
1176 2855 1407 2934 conceptiones

203 2954 239 3036 (i.
254 2971 282 3012 e.
308 2956 471 3035 σχηματα)
495 2957 666 3028 vocantur,
690 2951 804 3029 quibus
829 2950 946 3012 Praetor
968 2957 1021 3012 aut
1043 2951 1216 3015 Proconsul
1237 2955 1407 3036 principa-

203 3053 275 3114 titer
297 3053 513 3136 auctoritatem
542 3069 629 3114 suam
654 3051 800 3114 finiendis
823 3053 1058 3138 ¹controversiis
1087 3056 1251 3134 praeponit.
1296 3053 1407 3117 Voca-

199 3155 314 3216 bantur
337 3154 465 3234 proprie
488 3152 671 3230 interdicta,
696 3170 765 3214 cum
789 3151 908 3232 aliquid
932 3153 1135 3232 prohiberet,
1159 3154 1287 3218 decreta
1310 3173 1406 3234 vero,

202 3273 271 3317 cum
294 3255 411 3335 aliquid
435 3255 502 3317 tieri
525 3256 648 3318 iuberet
661 3255 701 3342 ⁴).

246 3358 276 3436 §-
293 3354 385 3418 1213.
431 3355 599 3417 interdicta
632 3356 669 3418 ab
698 3356 873 3418 actionibus
906 3376 943 3420 eo
974 3357 1168 3436 potissimum
1202 3353 1405 3430 differebant,

204 3453 289 3534 quod
311 3455 342 3514 in
362 3457 400 3516 iis
424 3455 482 3532 lis,
513 3474 571 3534 per
593 3457 813 3535 interpositum
840 3460 1041 3540 magistratus
1066 3457 1226 3519 decretum
1246 3456 1266 3516 i.
1292 3473 1320 3516 e.
1346 3474 1406 3536 per

202 3553 414 3631 interdictum,
438 3573 497 3617 nec
521 3556 626 3618 audito
651 3575 734 3636 saepe
757 3559 952 3637 adversario,
976 3546 1235 3640 inchoabatdr5).

210 3701 212 3709 .
244 3655 309 3716 Nec
330 3661 433 3717 tamen
456 3674 531 3718 cum·
553 3656 669 3720 Praetor
692 3659 810 3738 aliquid
836 3661 904 3722 iieri
926 3662 1073 3723 iussisset
1098 3665 1151 3722 aut
1172 3656 1405 3738 prohibuisset,

203 3756 311 3835 utique
332 3759 434 3818 statim
456 3763 617 3838 peractum
639 3764 706 3820 erat
730 3761 901 3842 negotium.
945 3760 1021 3822 Nam
1042 3777 1117 3822 reus
1139 3759 1176 3821 ad
1199 3757 1320 3819 iudices
1350 3757 1406 3819 vel

202 3913 399 3924 ——..—-

239 3995 267 4060 1)
286 3997 329 4046 Pr.
347 3997 367 4046 Ι.
387 3993 413 4060 4,
433 3997 449 4048 9
469 3995 504 4063 (ei
523 3999 673 4066 quadrupes
692 4001 848 4066 pauperiem
857 4001 952 4052 fecisse
965 3999 1087 4066 dicatur).
1107 3996 1228 4066 Dig.9,1
1250 3994 1324 4063 (00d·
1336 3993 1407 4060 fib)

238 4063 265 4132 2)
287 4065 311 4124 ἓ.
332 4065 355 4116 1.
375 4067 435 4119 eod.
454 4070 492 4119 111.
511 4068 596 4134 fedo,
615 4069 658 4120 41.
678 4071 763 4132 D.21,
783 4071 798 4122 1
819 4069 866 4134 (de
887 4073 956 4122 aedil.
968 4069 1033 4136 ed).
1052 4073 1267 4123 Panl.rec.sent.
1286 4064 1406 4130 1.15‚2.

238 4135 266 4204 3)
287 4138 346 4190 Gai.
364 4137 390 4188 4.
409 4137 432 4196 §-
452 4139 512 4191 138.
532 4157 586 4208 seq.
615 4139 722 4203 Inetd,
743 4138 778 4192 15
805 4139 852 4206 (de
870 4141 1022 4208 interdict.).
1048 4139 1224 4209 Drg.43,1.
1250 4156 1272 4190 o.
1291 4137 1324 4190 81
1353 4138 1407 4204 (de

206 4207 325 4275 interd).
344 4209 377 4259 V.
397 4227 420 4260 o.
441 4212 570 4277 Saos'pny,
594 4216 644 4265 dcc
662 4213 750 4266 Recbt
771 4214 819 4267 dee
836 4215 959 4266 Beeitees
978 4231 1037 4280 cap.
1057 4207 1082 4266 5.
1100 4213 1178 4264 ΚΔ.
1190 4211 1324 4272 Schmidt,
1348 4213 1406 4262 das

205 4279 531 4348 Interdz'etencersabren
550 4286 598 4334 der
616 4284 725 4334 Remer.
744 4285 856 4350 Leipzig
878 4282 957 4336 1853.
997 4286 1109 4353 Mopse,
1132 4283 1275 4338 Etdmaate
1294 4281 1318 4340 ἓ.
1336 4280 1405 4334 157.

236 4349 265 4416 4)
287 4353 345 4402 Gar.
367 4351 391 4412 ἓ.
410 4349 469 4402 139.
490 4349 549 4402 140.
566 4371 604 4418 pr.
624 4353 646 4412 ἓ.
667 4352 690 4404 1.
709 4354 771 4408 inf.
791 4357 811 4405 Ι.
832 4357 858 4406 h.
878 4361 896 4406 1.

237 4415 265 4486 5)
280 4425 340 4474 Hac
361 4425 394 4475 de
414 4423 516 4473 rationo
536 4423 619 4476 (icius
643 4425 826 4490 magistratum
839 4429 1034 4494 principaliter
1051 4427 1069 4476 i.
1090 4441 1113 4476 e.
1139 4425 1167 4476 in
1190 4425 1244 4476 litis
1268 4422 1405 4489 principio

134 4496 137 4502 “
199 4489 346 4546 interdictis
364 4495 548 4547 auctoritatem
568 4509 644 4546 suem
663 4497 830 4563 interponere
849 4497 920 4550 dicit.
958 4500 1004 4550 cfr.
1022 4498 1150 4550 Schmidt
1166 4513 1193 4563 p.
1214 4494 1239 4548 6.
