3082 4976
195 375 222 428 x
710 377 874 416 consinoios

198 550 292 613 Titui.
324 548 375 610 IV.
446 548 494 611 De
516 549 586 611 iure
607 545 810 610 accrescendi
834 546 918 608 inter
940 543 1112 628 legatorios
1178 591 1185 605 .
1231 592 1238 606 .
1283 592 1291 608 .
1334 545 1397 612 202

241 696 256 727 „
326 648 360 710 V.
446 648 493 710 De
516 648 713 729 ademptione
734 652 766 708 et
787 647 990 708 translatione
1010 645 1188 728 legatorum
1231 693 1237 708 .
1284 693 1291 708 .
1335 647 1398 712 204

244 797 259 829 „
325 748 377 810 Vi.
450 747 497 810 De
519 748 593 830 lege
615 747 750 810 Falcidia
807 791 814 807 .
860 793 898 822 .,
914 790 1308 809 .........
1336 747 1397 812 206

241 897 269 932 ᾖ,
325 849 392 910 vlt.
446 848 493 911 De
514 848 809 913 fideicommissariis
834 847 1062 910 hereditatibus
1124 892 1131 906 .
1179 892 1186 908 .
1232 893 1239 908 .
1285 893 1293 908 .
1336 846 1398 912 208

242 997 256 1029 ,,
322 949 404 1011 viii.
448 950 494 1012 ne
515 929 672 1012 codicillis
698 992 1293 1008 ............
1337 946 1400 1012 210

1330 465 1396 529 Peg.
1532 455 1533 482 ³

1530 805 1533 970 l

240 1097 255 1130 „
323 1051 375 1114 IX.
446 1050 493 1112 De
516 1051 623 1112 mortis
645 1066 737 1112 causa
759 1048 981 1111 donationibus
1004 1053 1035 1110 et
1056 1047 1239 1129 cepionibus
1285 1093 1292 1109 .
1336 1043 1398 1112 213
1532 1131 1533 1138 ἵ

493 1199 495 1206 “
581 1171 1010 1278 memnonios,

609 1340 668 1412 De
694 1337 981 1431 obligationibus.

711 1497 839 1561 CAPUT
861 1496 885 1558 l.

385 1672 395 1688 ,
458 1617 636 1682 Communia
657 1616 694 1678 (le
714 1615 949 1696 obliooliooibos
969 1621 1141 1696 praeoepta.

202 1737 351 1801 tituil.
452 1737 500 1798 De
522 1735 750 1818 obligationum
774 1735 806 1795 vi
828 1739 922 1814 atque
946 1739 1055 1796 natura
1124 1778 1131 1793 .
1178 1779 1185 1793 .
1232 1779 1239 1794 .
1287 1779 1293 1793 .
1339 1732 1400 1797 217

243 1885 258 1917 ,,
325 1839 364 1900 ll.
449 1837 495 1899 De
528 1836 640 1898 domno
673 1835 852 1916 prestando
884 1853 942 1914 per
976 1833 1083 1897 dolum
1115 1839 1148 1896 et
1178 1833 1300 1915 euipoin

492 1935 596 1998 elicui
611 1935 683 1998 dato
751 1975 1295 1996 ...........
1339 1933 1403 1998 220

245 2083 260 2116 „
326 2035 380 2098 ΙΙΙ.
452 2035 499 2099 De
521 2038 637 2114 censis,
659 2035 834 2116 exquibus
857 2035 1297 2119 noscuntuiobligotioneo.
1340 2032 1401 2098 223

702 2185 830 2250 CAPUT
861 2185 899 2247 li.
948 2237 952 2246 „
1080 2194 1082 2202 ’

558 2305 605 2369 De
627 2304 790 2366 verborum
810 2302 1052 2384 obliootionibos.

202 2485 296 2550 Titui.
326 2487 350 2548 l.
452 2484 499 2547 De
520 2484 756 2564 stipulationum
778 2485 809 2544 vi
831 2488 926 2562 atque
949 2486 1059 2542 nature
1130 2526 1137 2541 .
1184 2526 1190 2541 .
1237 2525 1244 2541 .
1290 2528 1297 2543 .
1342 2481 1403 2548 226

246 2634 261 2666 „
327 2585 366 2649 li.
451 2585 497 2647 De
515 2584 680 2646 inutilibus
697 2575 1073 2664 stipulationiboliisque
1086 2582 1298 2644 contractibus
1342 2581 1404 2646 229

192 2761 201 2769 ᾖ
246 2734 261 2765 „
326 2686 380 2748 ΙΙΙ.
450 2684 497 2745 De
522 2683 645 2745 duobus
667 2683 731 2743 nois
754 2681 924 2762 stipulanti
947 2687 977 2743 et
999 2681 1241 2762 promittendi.
1287 2727 1294 2742 .
1339 2682 1401 2746 234
1531 2757 1532 2760 ¹

247 2833 262 2866 „
328 2785 378 2847 lV.
453 2783 499 2846 De
521 2783 761 2846 fideiussoribus
784 2789 816 2846 et
837 2782 1296 2846 deSenntuseons.Velieieno
1340 2782 1402 2848 237

697 2932 824 2994 CAPUT
846 2933 900 2996 ΙΙΙ.

343 3055 390 3117 De
409 3050 643 3131 oblinatiooibos
667 3068 735 3131 qooe
758 3071 793 3114 re
813 3058 868 3114 out
890 3052 999 3114 littoris
1023 3052 1258 3115 contrabuntur.

202 3174 294 3238 Titui.
324 3174 348 3235 1.
448 3172 496 3234 De
522 3171 620 3232 nutui
641 3169 768 3233 datione
808 3215 1297 3233 ..........
1342 3168 1405 3234 240

245 3322 259 3353 „
324 3274 363 3335 ii.
449 3272 623 3334 oeusoiis
647 3316 1243 3334 ............
1246 3310 1248 3316 .
1290 3317 1297 3331 .
1340 3268 1401 3333 241
1531 3227 1532 3262 ¹

245 3425 259 3457 „
324 3374 378 3437 ill.
445 3372 492 3434 De
513 3372 685 3434 litterarum
708 3371 901 3453 obligatione
968 3416 1294 3435 .......
1341 3367 1403 3432 242

246 3525 260 3556 „
325 3475 376 3538 lv.
446 3472 707 3550 Iieeoininodnto
753 3517 1297 3534 ...........
1342 3467 1403 3534 243

245 3623 259 3656 „
325 3575 361 3636 V.
448 3573 661 3654 Dedeposito
703 3619 709 3633 .
756 3619 762 3634 .
810 3621 844 3634 ..
863 3621 1083 3636 .....
1237 3619 1243 3632 .
1291 3618 1297 3632 .
1342 3569 1404 3635 244

245 3723 259 3755 „
323 3675 374 3738 Vl.
445 3675 491 3737 De
512 3675 645 3756 pignore
668 3691 726 3736 seu
748 3681 910 3738 contractu
932 3677 1136 3760 pignoratitio
1182 3721 1189 3735 .
1232 3717 1244 3734 ‚,
1289 3717 1298 3735 .
1342 3669 1403 3736 246
1492 3741 1496 3761 ἢ

244 3824 259 3856 „
325 3776 391 3837 Vll.
445 3775 491 3838 De
525 3778 647 3838 eaeteris
674 3777 908 3853 contractibus,
944 3781 997 3858 qui
1028 3797 1064 3842 re
1096 3775 1304 3859 perficiuntur

493 3875 550 3938 sed
573 3881 692 3938 centuni
715 3894 827 3938 nomen
852 3895 913 3940 non
937 3878 1052 3941 babent
1076 3921 1296 3939 .....
1341 3873 1402 3940 247

701 4023 828 4086 CAPUT
850 4023 899 4087 iV.

262 4185 264 4189 -
397 4144 444 4207 oe
464 4140 698 4222 obliqolioniboo
719 4157 789 4224 quoe
811 4160 962 4207 consensu
981 4145 1195 4226 perficiuntur.

202 4259 296 4321 Titui.
331 4260 354 4322 l.
456 4260 503 4324 De
525 4260 682 4340 emptione
705 4265 737 4322 et
760 4261 943 4324 venditione
967 4309 1297 4326 .......
1342 4263 1404 4329 248

246 4389 263 4440 „·
327 4361 366 4422 ll.
453 4360 500 4422 De
523 4360 680 4424 locotione
702 4366 734 4422 et
755 4362 963 4425 conductione
1023 4409 1297 4426 ......
1341 4364 1403 4432 254

245 4507 260 4538 ,‚
324 4460 379 4522 tlt.
451 4460 497 4522 De
519 4461 703 4525 societate.
750 4508 756 4521 .
803 4508 810 4521 .
857 4457 918 4530 .,.’
965 4507 1239 4524 ......
1338 4465 1402 4532 258

245 4607 260 4640 „
324 4560 377 4625 IV.
452 4561 498 4625 De
522 4562 663 4626 mandato
699 4609 1295 4627 ............
1340 4564 1402 4630 262
