3082 4976
205 363 258 416 ΧῙῙ
614 369 777 409 immittit!
795 369 887 407 ῙΟῙΙΙῙΙ
906 369 1009 407 orsum.

1340 453 1407 521 Pap.

208 538 302 602 Titui.
331 537 384 600 lii.
457 537 503 600 De
526 539 608 621 orig.
632 543 664 600 et
687 555 862 620 progressu
877 539 1032 599 actionum
1054 535 1303 617 apudRomauos
1347 525 1410 602 296

250 685 265 718 „
331 638 383 700 iv.
456 637 504 700 De
526 639 684 701 divisione
704 640 860 702 actionum
922 681 1302 698 ........
1347 635 1409 702 298

249 786 265 818 „
333 738 370 799 V.
455 737 502 800 De
525 739 685 818 perpetuis
709 745 741 800 et
761 736 987 818 temporalibus
1004 737 1180 800 actionibus
1192 741 1225 800 et
1237 753 1307 818 quae

502 836 541 899 ad
563 837 698 900 heredes
722 844 753 900 et
774 839 806 898 in
830 835 965 899 heredes
990 841 1195 900 transeunt.
1241 883 1248 898 .
1294 882 1301 898 .
1346 835 1408 903 305

248 984 264 1016 „
332 937 384 998 Vl.
454 936 501 1000 De
525 939 763 1019 exceptionibus
786 944 818 1001 ct
838 937 1097 1018 replicationibus
1133 983 1140 998 .
1186 983 1193 998 .
1241 983 1248 999 .
1293 983 1300 997 .
1344 935 1405 1000 307

250 1086 265 1118 ,,
331 1039 397 1100 Vll.
456 1040 503 1104 De
528 1042 653 1104 iudiciis
674 1042 834 1122 variisque
856 1039 1058 1101 iudicialibus
1080 1037 1202 1101 actibus
1239 1081 1246 1097 .
1292 1081 1299 1096 .
1344 1034 1406 1100 309

248 1186 263 1219 „
332 1137 415 1202 vlit.
459 1139 506 1202 De
527 1139 785 1204 satisdationibus
806 1139 941 1220 aliisque
960 1139 1092 1202 cavendi
1112 1139 1246 1203 modis.
1291 1181 1299 1196 .
1344 1133 1407 1200 314

709 1325 835 1389 CAPUT
860 1325 899 1386 il.

534 1478 535 1482 ’
606 1463 655 1540 Dc
673 1477 800 1558 simpatia
821 1476 1004 1540 actionibus.
1021 1547 1024 1552 Δ

206 1623 299 1687 Titui.
332 1624 355 1685 1.
456 1624 504 1688 De
527 1626 792 1708 praeiudicialibus
816 1627 993 1689 actionibus
1027 1669 1298 1690 ......
1342 1621 1405 1688 310

248 1769 263 1801 „
330 1723 369 1786 11.
456 1725 503 1787 De
525 1727 557 1788 in
577 1745 643 1788 rem
663 1727 839 1790 actionibus
865 1773 1298 1789 .........
1341 1723 1405 1792 317

247 1819 276 1906 „'
327 1825 382 1888 lii.
453 1827 500 1888 De
522 1827 699 1889 actionibus
723 1845 793 1908 quae
819 1847 858 1890 ex
882 1835 1045 1901 contractu
1067 1835 1240 1892 nascuntur
1290 1873 1297 1889 .
1342 1819 1405 1892 325

247 1972 263 2005 ᾖ
329 1925 380 1987 lV.
453 1925 499 1988 De
523 1927 554 1988 in
577 1946 743 2008 personam
765 1929 912 1991 actionib.
935 1929 1299 2012 quaeexpactisdantur
1341 1926 1402 1992 331

247 2074 262 2105 „
328 2026 365 2088 V.
449 2024 496 2088 De
521 2029 670 2090 actionib.
695 2047 764 2108 quae
786 2033 876 2111 quasi
892 2049 932 2092 ex
949 2035 1112 2095 contractu
1127 2033 1299 2094 nascuntur
1341 2028 1401 2094 331

244 2174 259 2206 ,,
327 2125 379 2188 vl.
450 2126 496 2188 De
518 2129 770 2190 condictionibus
793 2147 832 2190 ex
854 2131 957 2193 causis
979 2131 1121 2194 datorum
1145 2137 1176 2194 et
1199 2129 1299 2193 dead

492 2229 702 2290 exhibendum
726 2231 850 2292 actione
916 2277 923 2290 .
969 2276 975 2290 .
1023 2277 1029 2290 .
1075 2277 1082 2291 .
1235 2275 1243 2290 .
1289 2275 1296 2290 .
1340 2226 1402 2292 336

327 2327 394 2390 Vll.
448 2329 537 2402 Quod
561 2348 701 2407 cumeo,
727 2332 833 2410 quiin
857 2330 958 2393 aliena
981 2335 1136 2412 potestate
1158 2336 1218 2409 est,
1240 2349 1301 2394 ne-

493 2431 613 2514 gotium
634 2436 758 2512 gestum
780 2448 852 2493 esse
876 2429 998 2493 dicatur
1023 2473 1296 2493 ......
1340 2426 1401 2494 338

246 2573 261 2606 „
331 2529 411 2592 Vlli.
455 2529 502 2593 De
527 2531 787 2611 actionibusque
804 2531 1043 2594 exdelictisvel
1067 2532 1157 2612 quasi
1180 2549 1220 2594 ex
1239 2529 1300 2593 de-

492 2629 577 2692 lictis
601 2636 772 2692 nascuntur
804 2675 1291 2691 ..........
1337 2624 1400 2693 340

246 2775 261 2808 ,,
329 2727 382 2790 ΙΧ.
454 2727 501 2792 De
524 2728 691 2792 noxalibus
714 2729 891 2792 actionibus
955 2795 957 2798 ,
967 2773 1186 2789 .....
1204 2723 1240 2789 ’.
1285 2775 1293 2791 .
1338 2727 1400 2795 343

691 2909 818 2976 CAPUT
844 2911 898 2974 ili.

669 3066 717 3129 ua
737 3063 915 3128 interdictis.

199 3216 292 3279 Tit-ui.
322 3217 346 3280 i.
450 3215 628 3280 Communia
649 3217 887 3282 interdictorum
911 3256 948 3280 .·
964 3263 1238 3280 ......
1251 3265 1291 3306 ,.
1336 3218 1400 3283 344

242 3363 257 3397 „
322 3317 362 3379 11.
447 3317 494 3380 De
515 3317 710 3395 interdictis,
741 3335 811 3398 quae
834 3319 874 3381 dc
902 3307 1106 3400 possessione
1129 3319 1182 3381 vel
1209 3321 1299 3400 qnasi

348 3405 350 3408 ¹
489 3421 693 3500 possessione
715 3425 934 3500 proponuntur
964 3465 1291 3482 .......
1336 3417 1398 3484 346

241 3563 257 3596 „
322 3513 376 3612 lii.
442 3519 646 3602 Reliquorum
669 3521 908 3584 interdictorum
931 3521 1038 3584 tabula
1071 3567 1078 3582 .
1125 3568 1132 3583 .
1178 3547 1197 3582 .·
1231 3567 1238 3582 .
1285 3566 1292 3581 .
1335 3521 1398 3587 349

698 3705 826 3770 CAPUT
848 3709 898 3770 lv.

520 3857 568 3920 De
587 3857 621 3918 in
644 3861 791 3937 inteprum
813 3860 1066 3925 restitutionibus.

197 4005 290 4070 Titui.
323 4007 347 4072 1.
450 4009 630 4104 Communia
653 4011 693 4074 de
715 4013 746 4074 in
768 4013 867 4095 integ.
888 4013 1112 4078 restitutionib.
1133 4019 1289 4097 praecepta
1332 4015 1396 4082 330

240 4157 255 4190 „
321 4111 360 4174 ΙΙ.
445 4114 492 4180 De
513 4117 649 4200 singulis
672 4118 705 4178 in
726 4117 886 4200 integrum
908 4119 1140 4182 restitutionum
1161 4117 1265 4183 causis
1332 4115 1395 4184 352

647 4402 945 4414 m*
