3062 4972
211 351 265 409 au
535 359 734 398 susurronem
754 357 827 398 tusas
848 355 951 398 uuum
969 359 1086 405 rutrum.

209 497 378 580 ligantium
409 494 588 576 inpositurn
618 498 686 570 est,
722 511 782 556 nea
812 509 874 556 non
898 493 1078 558 eorumdem
1110 494 1271 558 advocatis
1285 491 1324 580 ¹).
1371 493 1417 556 lix

212 597 398 681 quibusdam
421 596 526 658 causis
548 594 705 658 adversus
737 595 906 658 initiantes
928 593 1015 676 dupli
1041 593 1094 657 vel
1117 593 1201 676 tripli
1224 595 1308 656 actio
1334 613 1416 658 oon-

212 698 410 784 stitnitur³);
443 713 483 760 ex
507 693 667 760 nonnullis
689 696 817 759 iudiciis
841 695 1068 759 condemnati
1061 695 1262 779 ignominiosi
1283 693 1415 782 fiunti).
1508 729 1509 746 ι

117 781 123 796 ’
212 800 358 881 Denique
379 800 435 879 qui
459 798 545 860 litem
565 797 680 880 pordit,
706 797 774 859 eius
796 813 951 878 expensas
975 797 1060 859 terre
1082 777 1332 884 cmnpellitufl).

266 965 335 1058 Tru.
354 1003 426 1056 VIII.
463 1006 512 1057 DE
530 1003 855 1058 suriensnonreus
874 1001 1045 1068 aurisonis
1064 1003 1223 1057 OAVENDI
1241 1005 1367 1065 rioms,

256 1143 286 1226 §-
303 1137 393 1204 1096.
435 1137 510 1201 Erat
528 1137 605 1201 'olim
626 1137 658 1199 in
681 1136 806 1200 iudiciis
830 1137 1104 1218 frequentissimus
1125 1137 1298 1202 satisdandi
1324 1157 1412 1202 usus.

213 1239 261 1304 Ne
283 1239 364 1302 enim
385 1239 500 1302 iudicia
521 1237 747 1330 desererentur
768 1243 821 1300 aut
836 1239 938 1300 inania
951 1237 1172 1314 redderentur,
1193 1238 1285 1304 modo
1302 1240 1331 1301 is
1347 1257 1414 1304 cum

215 1359 278 1424 quo
303 1340 419 1426 rigitur,
445 1339 535 1402 ruodo
559 1340 612 1420 ‹pui
636 1341 721 1422 agit,
744 1339 900 1401 satisdare
922 1339 943 1400 i.
967 1357 999 1400 e:
1017 1336 1236 1402 fideiussorem
1258 1339 1336 1402 dare
1360 1357 1416 1402 co·
1508 1377 1509 1380 =

218 1439 370 1524 gebatur:
395 1457 505 1503 causas
518 1443 620 1502 autem
633 1437 788 1522 singulas,
811 1437 979 1520 exquibus
1000 1437 1067 1518 hec
1087 1439 1336 1515 lieridebebant,
1359 1445 1417 1502 mm
1508 1447 1509 1480 ³

216 1545 248 1606 in
264 1541 331 1606 Gaii
344 1541 372 1629 ⁵)
388 1557 480 1622 quam
495 1541 526 1602 in
540 1539 704 1602 Iustiniani
717 1539 965 1604 institutionibus
976 1541 1004 1628 ⁶)
1026 1542 1195 1602 accuratim
1210 1521 1320 1602 relatas
1334 1543 1416 1601 sunt.
1508 1543 1509 1608 l

258 1641 394 1727 §.1094
438 1641 617 1704 Novissima
639 1643 708 1704 iure
739 1641 806 1702 haec
834 1639 874 1702 de
903 1641 1157 1704 satisdationibus
1187 1646 1301 1702 statuta
1334 1639 1419 1724 legi·
1508 1653 1509 1720 j

215 1761 294 1806 mus.
340 1743 372 1806 Si
397 1743 468 1823 quis
492 1742 614 1804 sivein
637 1761 702 1804 rem
725 1743 849 1804 actione
873 1743 1078 1817 convenitur,
1101 1743 1225 1804 sivein
1248 1758 1417 1822 personam
1499 1737 1509 1782 *l

215 1861 274 1910 suo
296 1843 431 1918 nomine,
455 1841 572 1908 nullam
597 1842 832 1905 satisdationem
854 1859 912 1922 pro
933 1841 996 1903 litis
1018 1841 1221 1904 estimatione
1237 1841 1312 1903 dare
1330 1858 1421 1903 com·
1508 1877 1509 1880 =

150 1951 154 1956 '
217 1943 356 2026 pellitur,
380 1941 436 2006 sed
457 1961 515 2024 pro
537 1961 593 2005 sua
614 1948 732 2005 tantum
753 1961 901 2024 persona,
926 1941 1010 2022 quod
1034 1943 1065 2003 in
1088 1941 1204 2004 iudicio
1227 1946 1420 2024 permaneat,

217 2061 319 2125 usque
342 2043 381 2106 ad
404 2045 569 2106 terminum
596 2044 660 2106 litis
670 2063 680 2119 ;
713 2029 764 2105 rel
792 2043 993 2106 committitur
1022 2059 1087 2104 suae
1115 2043 1317 2124 promissioni
1350 2058 1419 2102 cum

218 2143 433 2226 iureiurando,
459 2162 549 2225 quam
572 2145 755 2207 iuratoriam
780 2139 957 2206 cautionem
983 2150 1114 2219 vocant;
1139 2143 1190 2206 vel
1213 2143 1328 2206 nudam
1342 2161 1420 2224 pro-

219 2247 399 2310 missionem
421 2245 472 2308 vel
495 2245 730 2310 satisdationem
754 2263 811 2326 pro
836 2241 986 2326 qualitate
1007 2261 1152 2326 persone
1163 2260 1229 2306 sue
1241 2244 1317 2305 dare
1333 2259 1421 2306 com-

220 2347 404 2436 pellicunt).

262 2455 292 2534 ὅ,
306 2449 397 2516 1098.
442 2451 496 2512 Sin
521 2455 624 2511 autern
646 2468 704 2530 per
725 2453 962 2530 procuratorem
983 2447 1023 2510 lis
1045 2445 1098 2508 vel
1118 2443 1255 2508 infertur
1277 2443 1330 2504 vel
1346 2457 1421 2506 sus-

163 2535 175 2550 ⁴
221 2551 353 2632 cipitur,
384 2551 415 2612 in
437 2552 554 2612 actoris
576 2551 701 2630 quidem
723 2567 877 2631 persona,
909 2549 936 2611 si
959 2566 1021 2611 non
1043 2546 1218 2610 mandatum
1240 2545 1350 2607 actis
1341 2545 1422 2606 msi-

220 2655 347 2713 nuatum
372 2657 430 2726 est,
454 2651 505 2713 vel
529 2668 668 2732 presens
689 2651 849 2713 dominus
855 2649 950 2712 litis
941 2669 973 2711 m
995 2649 1111 2712 iudicio
1133 2645 1350 2730 procuratoris
1375 2645 1423 2706 sui

223 2769 387 2852 personam
412 2753 660 2830 conlirmaverit,
681 2759 777 2816 ratam
799 2773 865 2815 rem
889 2730 1046 2815 ddminum
1071 2749 1260 2825 habiturum,
1283 2745 1424 2808 satisda-

161 2899 166 2906 .
223 2843 340 2916 tionem
361 2859 547 2934 procurator
568 2853 644 2916 dare
666 2853 922 2936 cornpellitur3e
905 2851 1015 2918 eodem
1038 2849 1237 2913 observando
1255 2847 1326 2912 etsi
1340 2851 1425 2910 tutor

223 2955 276 3018 vel
301 2954 500 3018 curatorxvel
520 2955 590 3018 aliae
611 2955 690 3024 tales
713 2971 869 3038 persone,
893 2971 963 3034 quae
986 2953 1159 3015 alienarum
1179 2967 1286 3012 rerum
1300 2945 1437 3033 guiter-¹

164 3135 166 3140 Ι
224 3056 380 3118 nationem
402 3061 603 3136 receperunt,
629 3056 715 3140 litem
739 3054 924 3136 quibusdam
949 3073 1006 3136 per
1028 3053 1122 3116 alium
1145 3051 1285 3114 inierunt
1299 3051 1339 3136 ὃ).

267 3159 296 3238 §-
312 3157 403 3221 1099.
448 3157 502 3219 Sin
526 3175 603 3219 vero
627 3157 741 3237 aliquis
765 3157 963 3232 convenitne,
988 3155 1015 3216 si
1039 3153 1163 3234 quidem
1182 3168 1323 3234 praesens
1345 3167 1426 3230 pro-

225 3262 401 3340 curatorem
424 3256 500 3319 dare
521 3264 647 3338 paratus
671 3263 738 3334 est,
771 3261 878 3338 potest
902 3255 953 3318 vel
984 3238 1053 3340 ipse
1081 3255 1113 3316 in
1141 3252 1290 3316 iudicium
1314 3249 1425 3312 venire

228 3364 259 3421 et
291 3359 340 3420 sui
368 3360 582 3439 procuratoris
614 3377 780 3440 personam
811 3376 869 3439 per
898 3357 1067 3420 iudicatum
1097 3353 1180 3416 solvi
1209 3349 1425 3414 satisdatiouis

227 3460 376 3522 solennes
399 3459 618 3540 stipulationes
644 3460 785 3536 firmare,
817 3459 869 3520 vel
899 3463 986 3519 extra
1010 3457 1159 3518 iudicium
1188 3451 1425 3515 satisdationem

228 3578 403 3640 exponere,
429 3559 486 3641 pel
505 3577 596 3640 quam
619 3561 688 3640 ipse
710 3561 760 3635 sui
784 3559 996 3640 procuratoris
1019 3556 1189 3618 fideiussor
1213 3551 1344 3626 existat,
1369 3565 1425 3630 pro

228 3659 371 3722 omnibus
394 3657 562 3720 iudicatum
587 3658 670 3722 solvi
693 3658 905 3721 satisdatiouis
929 3655 1099 3731 clausulis,
1129 3647 1183 3716 'um
1206 3653 1238 3716 et
1259 3651 1299 3714 de
1321 3652 1426 3732 hypo-

228 3763 317 3824 theca
340 3769 594 3850 suarum'rerum
618 3761 790 3822 convenire
812 3755 1029 3838 compellitur,
1061 3757 1131 3818 sive
1154 3757 1186 3816 in
1209 3751 1327 3816 iudicio
1350 3769 1426 3833 pro-

228 3861 358 3935 miserit,
375 3863 445 3926 sive
457 3868 545 3926 extra
558 3860 706 3924 iudicium
718 3861 849 3936 caverit,
871 3863 904 3922 ut
918 3863 977 3920 tam
998 3857 1067 3938 ipsc
1088 3873 1179 3936 quam
1205 3851 1341 3918 heredes
1359 3851 1427 3914 eius
1508 3867 1509 3870 ¹

230 3962 460 4044 obligentur;
453 3960 514 4058 alia
536 3962 666 4042 insuper
687 3961 810 4022 cautela
834 3961 884 4022 vel
899 3959 1103 4022 satisdatione
1121 3962 1249 4038 propter
1261 3971 1427 4036 personam

227 4101 424 4112 ——--—·

264 4186 356 4254 1)Pr.
376 4187 438 4247 §.L
457 4192 478 4242 Ι,
497 4191 524 4241 h.
539 4196 557 4242 t.
575 4193 606 4242 fr
626 4188 650 4244 9.
677 4189 744 4242 cod.
762 4191 788 4254 9,
806 4187 841 4244 59
859 4187 907 4256 (de
923 4185 1096 4240 iureiurando
1114 4187 1223 4252 proptor
1246 4175 1431 4246 calumniam).

229 4265 295 4316 Νη
317 4259 461 4386 4944-31'1.
481 4337 500 4384 a.
600 4333 673 4399 aps.
692 4332 717 4385 a.
738 4333 759 4382 ι
780 4331 841 4383 ,οι
864 4331 923 4384 aar.
941 4329 966 4382 4.
987 4327 1010 4387 s
1030 4323 1092 4380 aaa.

331 4400 382 4454 ..5
403 4404 432 4456 O
451 4400 476 4466 7,
495 4403 529 4456 31
549 4403 746 4472 (detractibus
766 4407 793 4454 st
813 4403 865 4454 litis
884 4398 1029 4472 expensis)
1148 4386 1162 4414 ⁸

352 4474 411 4528 l4
431 4471 455 4569 5
473 4473 614 4530 88..-109
675 4471 943 4598 6)1.4‚11.-·
966 4469 1112 4542 diophane
1134 4465 1194 4520 156.
