3064 4966
580 341 714 382 truanni.
734 343 793 381 car.
814 342 849 381 rv.
1258 338 1311 392 249

157 476 187 554 ξ.
201 471 274 535 867.
318 471 400 532 Loca
423 489 511 533 sarra
535 471 587 532 vel
609 470 783 552 religiosa,
812 473 885 533 item
910 473 1052 552 publica,
1083 479 1181 541 veluti
1204 481 1317 558 lorum,

110 571 274 636 basilicam
309 573 424 634 frustra
459 574 530 653 quis
553 575 659 635 sciens
687 575 779 647 emit;
813 590 884 653 qnae
907 580 1009 638 tamen
1041 579 1067 639 si
1098 596 1155 658 pro
1185 581 1317 660 privatis

113 673 167 737 vel
192 673 332 756 profanis
365 674 436 753 quis
469 675 620 754 ignorans
645 675 774 749 emerit,
814 674 940 738 habehit
961 680 1116 742 actionem
1139 698 1179 741 ex
1201 688 1317 762 empto,

113 776 201 856 quod
223 793 285 836 non
309 774 427 836 hahere
449 776 478 836 ei
493 773 598 850 liceat,
623 780 657 835 ut
672 781 894 856 consequatur,
917 777 1001 856 quod
1019 796 1075 840 sua
1092 780 1236 858 interest,
1259 781 1319 844 de-

113 883 240 956 ceptum
263 893 334 938 eum
359 894 422 938 non
446 893 529 938 esse.
575 875 660 937 ldem
683 878 761 947 iuris
785 883 850 953 est,
881 881 907 938 si
928 877 1083 942 hominem
1103 881 1236 944 liberum
1258 901 1316 964 pro

114 995 213 1042 servo
236 979 401 1060 emeritll.

157 1081 188 1161 ξ.
203 1078 275 1142 868.
319 1077 453 1138 Fructus
477 1083 508 1139 et
531 1084 638 1158 partus
658 1077 755 1139 luturi
772 1087 858 1140 recte
874 1086 1029 1157 emuntur,
1053 1088 1087 1144 ut
1103 1101 1198 1163 quum
1212 1084 1317 1148 editus

115 1185 204 1242 esset
228 1184 355 1258 partus,
388 1179 448 1240 ianr
472 1183 546 1239 tunc
573 1178 684 1263 (quum
707 1185 900 1241 contractum
923 1188 1010 1242 esset
1033 1185 1209 1271 negotium)
1234 1203 1317 1248 ven-

114 1282 194 1344 ditio
220 1280 299 1342 lncta
322 1278 538 1361 intelligatur3
572 1279 628 1341 sed
653 1282 679 1340 si
707 1280 738 1341 id
762 1283 866 1362 egerit
892 1282 1056 1359 venditor,
1090 1302 1129 1346 ne
1151 1291 1320 1349 nascantur

113 1387 169 1443 aut
197 1380 289 1456 hant,
323 1399 363 1441 ex
392 1385 495 1460 empto
523 1381 576 1462 agi
606 1386 710 1461 potest
724 1381 762 1467 2).
781 1421 787 1424 -
807 1382 988 1463 Aliquando
1013 1390 1114 1446 lamen
1138 1390 1170 1447 et
1191 1387 1259 1448 siue
1283 1406 1320 1450 re

113 1481 258 1544 venditio
288 1480 497 1563 intelligitur,
531 1483 630 1544 voluti
662 1499 756 1561 quum
782 1485 871 1562 quasi
899 1483 967 1546 alea
1000 1486 1133 1560 emitur3
1165 1487 1249 1566 quod
1274 1487 1318 1563 ht,

114 1600 212 1663 quum
235 1588 346 1662 captus
368 1583 521 1662 piscium,
555 1583 605 1644 vel
636 1584 738 1665 avium
771 1584 821 1646 vel
848 1585 1010 1646 missilium
1036 1589 1169 1661 emitur3
1202 1587 1318 1668 emptio

115 1684 199 1746 enini
221 1683 434 1756 contrahitur,
466 1683 558 1744 etiam
583 1684 610 1744 si
640 1683 718 1744 nihil
743 1684 905 1760 inciderit,
939 1688 1010 1764 quia
1035 1709 1096 1748 sarr
1119 1687 1234 1767 emptio
1259 1691 1318 1766 est,

114 1790 149 1846 et
169 1783 253 1863 quod
277 1782 440 1844 missilium
464 1801 502 1844 eo
524 1800 599 1844 casu
621 1792 743 1864 captum
757 1792 815 1861 est,
839 1787 865 1847 si
885 1787 1021 1848 evictum
1044 1787 1150 1880 luerit,
1174 1786 1261 1849 nulla
1280 1805 1318 1850 eo

113 1886 243 1946 nornine
262 1901 302 1945 ex
317 1888 419 1964 empto
433 1883 585 1965 obligatio
599 1886 805 1962 contrahitur,
829 1890 901 1967 quia
914 1887 945 1950 id
960 1894 1060 1949 actum
1076 1887 1265 1970 intelligitur
1276 1889 1316 1974 ³).

160 1988 190 2066 ξ.
203 1985 274 2051 869.
321 1986 565 2067 lncorporalium
591 2005 696 2049 rerum
720 1989 931 2050 venditionem
953 2007 1026 2052 esse
1040 1996 1172 2052 constat,
1194 1997 1229 2050 ut
1243 2007 1317 2052 ser-

115 2089 269 2163 vitutum,
293 2086 521 2162 hereditatum,
549 2090 705 2150 actionum
716 2089 756 2174 ⁴),
801 2089 963 2172 Litigiosoe
987 2109 1064 2153 vero
1088 2109 1140 2153 res
1161 2096 1215 2152 aut
1236 2090 1316 2167 alim,

115 2207 249 2269 quarum
270 2187 418 2251 alienatio
440 2191 509 2250 iure
533 2189 688 2268 prohibita
710 2196 769 2266 est,
793 2190 1008 2253 venditionem
1031 2209 1092 2253 non
1108 2193 1316 2277 recipiunt5).

159 2289 275 2372 §.sto
320 2291 394 2353 Sine
419 2291 521 2370 pretio
544 2289 628 2352 nulla
652 2296 701 2351 est
722 2290 880 2353 venditio:
910 2291 1044 2372 pretium
1068 2297 1171 2354 autern
1196 2291 1227 2352 in
1255 2309 1317 2353 nu-

115 2397 234 2454 merata
257 2392 392 2473 pecunia
418 2392 595 2452 consistere
622 2391 735 2453 dehet:
768 2391 897 2472 explosa
920 2393 1001 2454 enim
1024 2397 1055 2454 et
1078 2390 1316 2456 Sabinianorum

112 2495 242 2573 opinio,
275 2494 329 2572 qui
353 2493 445 2554 etiam
469 2494 500 2554 in
523 2491 582 2554 alia
608 2511 643 2554 re
666 2510 759 2573 posse
781 2495 916 2574 pretium
940 2495 1116 2556 consistere
1145 2493 1314 2574 putabant:

110 2599 146 2656 et
166 2593 278 2655 merito
301 2591 467 2673 praevaluit
488 2591 613 2655 Proculi
635 2594 789 2654 sententia
805 2594 959 2656 dicentis:
984 2611 1089 2656 rerum
1108 2594 1316 2673 permutatio-

110 2713 185 2756 nem
207 2694 366 2774 propriunr
391 2699 569 2755 contractus
594 2695 828 2782 genusessei).
872 2695 983 2776 Neque
1003 2701 1105 2758 tamen
1134 2699 1314 2758 contractus
1371 2713 1374 2718 ·

109 2799 249 2855 mutatur
275 2795 368 2874 pretii
400 2811 494 2856 causa
526 2812 588 2857 non
618 2801 777 2857 numerata
808 2798 959 2876 pecunia,
995 2797 1051 2858 sed
1080 2815 1136 2877 pro
1160 2814 1196 2858 ea
1219 2795 1316 2858 rebus

110 2893 300 2975 quibusdam
324 2896 355 2955 in
378 2894 516 2956 solutum
539 2895 618 2957 datis
637 2895 675 2982 ⁷).

155 2997 184 3076 ᾖ.
200 2994 271 3057 871.
317 2995 407 3067 Quod
430 2996 528 3078 vulgo
552 2997 631 3058 tradi
653 2997 747 3072 solet,
771 2999 904 3078 pretium
927 3005 1056 3074 verum,
1080 3003 1199 3060 certum
1220 3003 1316 3077 atquc

109 3097 230 3157 iustum
261 3112 333 3156 esse
363 3095 502 3171 dehere,
536 3103 680 3158 accurata
710 3105 785 3180 eget
814 3100 1085 3179 interpretatione.
1130 3097 1315 3160 Donationis

109 3211 207 3258 causa
229 3195 320 3271 sacta,
343 3214 404 3258 non
428 3198 530 3258 minus
551 3215 642 3277 quam
663 3199 847 3280 imaginaria
872 3199 1022 3274 venditio,
1044 3197 1162 3260 nullius
1183 3203 1315 3260 estmo-

109 3295 219 3356 menti.
263 3295 393 3368 Quoties
415 3315 491 3358 vero
509 3297 615 3360 viliori
629 3299 730 3378 pretio
746 3317 799 3360 res
816 3299 993 3362 donationis
1007 3315 1101 3360 causa
1114 3297 1312 3374 distrahitur,

108 3396 240 3458 dubium
266 3413 329 3458 non
354 3402 413 3473 est,
437 3399 512 3478 quin
535 3399 675 3461 venditio
699 3394 851 3487 val¹cat⁸).

156 3499 186 3577 ξ.
201 3495 273 3559 872.
319 3497 473 3559 Incertum
488 3501 621 3578 pretium
632 3501 757 3562 nonnisi
771 3499 847 3562 illud
871 3505 930 3576 est,
955 3499 1038 3580 quod
1062 3500 1094 3560 in
1115 3499 1161 3560 rei
1184 3499 1317 3560 veritate

108 3597 270 3660 delinitum
294 3605 441 3660 nonest:
465 3600 492 3660 si
516 3600 596 3662 enirn
616 3600 718 3662 solum
740 3603 915 3682 ignoratur,
937 3601 1045 3680 quanti
1069 3604 1241 3679 emptores
1263 3599 1315 3674 sil,

108 3697 207 3774 valet,
222 3698 320 3760 veluti
343 3703 377 3758 ut
390 3704 490 3780 empta
511 3716 563 3760 res
586 3700 626 3758 sit
640 3701 729 3776 tanti,
755 3701 862 3780 quanti
875 3701 907 3762 in
927 3718 999 3762 arca
1019 3699 1131 3762 haheat
1143 3705 1263 3782 emptor
1273 3699 1314 3786 ⁹).

110 3824 314 3840 ——u

516 4255 550 4305 de
573 4254 716 4321 litigiosis).

516 4327 566 4378 1.
585 4329 618 4377 D
641 4325 835 4394 18,1(n.r..)

714 4397 741 4464 )
