3082 4976
601 319 604 322 ’
644 331 831 374 ananouucrrc.
1314 323 1332 377 9

174 464 206 544 ξ.
220 459 271 526 28.
314 460 414 524 Prima
437 477 543 528 earum
564 460 720 544 publicam
743 462 937 544 disciplinam
959 469 1080 544 spectat
1101 468 1133 526 et
1152 463 1203 526 iata
1215 463 1331 545 politica

104 568 278 626 uocatur.
324 561 533 624 Inveniuntur
557 564 638 625 enim
671 565 703 624 in
727 564 907 626 civitatibus
928 564 1018 646 leges
1050 570 1081 627 et
1103 565 1331 643 ordinationes,

132 681 205 744 quac
228 664 266 726 ad
292 664 437 726 tuendam
450 664 566 725 civium
589 665 790 739 securitatem
802 669 834 726 et
854 664 893 727 ad
906 666 999 726 vitam
1011 664 1137 726 civilem
1159 671 1220 731 tam
1243 683 1331 732 com-

130 766 325 842 modiorem,
356 781 449 845 quam
477 763 694 828 iucundiorem
726 764 937 842 alliciendam,
970 767 1130 846 totiusque
1149 767 1332 848 reipublice

130 865 264 932 salutem
288 871 319 927 et
342 867 582 946 prosperitatem
605 867 847 946 promovendam
876 872 949 928 sunt
978 868 1138 930 institute.
1183 867 1331 950 Spectant

130 965 171 1030 ad
193 983 499 1059 morum‘censuram
525 972 556 1028 et
577 967 820 1044 correctionem,
842 968 881 1030 ad
903 985 955 1030 res
987 969 1192 1046 sumtuarias,
1226 988 1331 1032 curam

130 1085 316 1150 pauperum,
339 1065 376 1130 ad
400 1066 639 1149 agriculturam,
661 1067 698 1130 ad
722 1069 925 1145 commercia,
948 1067 1092 1148 opificum
1117 1067 1254 1153 collegia
1278 1071 1331 1134 vel

130 1169 301 1251 privilegia
326 1174 358 1230 at
379 1168 452 1232 alia.
488 1167 522 1230 ln
545 1169 659 1249 quibus
682 1169 826 1231 omnibus
851 1169 909 1232 hoc
926 1175 975 1231 est
987 1169 1169 1250 reipublice
1181 1169 1329 1248 osticium,

131 1273 166 1329 ut
188 1273 393 1330 amoveantur
416 1285 624 1348 quaecunque,
648 1286 687 1330 ex
712 1268 827 1348 quibus
843 1269 1025 1349 reipublice
1048 1271 1225 1350 civiumque
1245 1271 1331 1334 salus

131 1367 353 1431 detrimentum
377 1387 490 1450 capere
502 1373 613 1450 possit,
637 1376 669 1432 et
685 1369 902 1432 custodiantur
915 1388 1110 1452 quaecunque
1126 1371 1331 1434 sublevandae

132 1475 165 1533 et
185 1469 388 1532 meliorandae
410 1471 481 1534 vitae
503 1469 607 1532 civilis
630 1470 803 1532 conditioni
824 1471 984 1534 inservire
1007 1471 1184 1534 videantur.

176 1569 270 1653 §.bb
313 1569 423 1633 Altera
447 1573 548 1634 aerarii
568 1571 687 1652 publici
709 1573 963 1634 constitutionem
987 1578 1018 1634 et
1033 1573 1331 1638 administrationem

132 1676 274 1752 spectat:
304 1670 464 1753 hodieque
485 1671 534 1733 ias
556 1671 715 1734 Camerata
743 1689 800 1734 seu
826 1671 1043 1734 Finaaoiaram
1074 1673 1199 1735 dicitur.
1255 1673 1330 1736 Cum

130 1773 234 1836 omnis
257 1774 381 1853 imperii
403 1792 520 1837 nervus
544 1775 586 1837 sit
607 1777 639 1836 in
660 1776 792 1855 pecunia
817 1774 942 1854 publica
950 1794 959 1850 3
983 1775 1101 1854 ubique
1125 1775 1228 1838 aerarii
1252 1782 1331 1836 con'-

131 1873 283 1938 stituendi
312 1873 415 1936 lentes
439 1877 652 1956 reperiuntur,
676 1880 710 1936 ut
725 1875 870 1938 dominici
885 1875 1041 1951 redditus,
1067 1875 1248 1958 vectigalia,
1265 1893 1331 1937 ·va-

130 1976 172 2038 rii
196 1975 324 2058 generis
346 1965 473 2052 tributa,
495 1977 722 2056 pensitationes
736 1994 793 2056 pro
810 1976 988 2058 privilegiis
1001 1977 1173 2053 concessis,
1197 1982 1329 2038 caetera:

130 2093 266 2158 quorum
289 2093 363 2138 cura
385 2077 520 2156 propriis
545 2076 847 2140 administratoribus
870 2077 1002 2139 comissa
1026 2082 1083 2138 est.
1155 2127 1160 2136 .

176 2176 271 2260 §.ab
323 2176 425 2240 Tertia
459 2178 551 2240 huius
579 2179 656 2240 iuris
685 2195 758 2258 pars
785 2195 850 2238 rem
877 2177 1037 2239 miwortm
1064 2178 1204 2260 respicit.
1257 2176 1332 2241 Cum

75 2351 91 2376 ι
132 2279 174 2343 ad
198 2276 344 2342 tuendam
358 2279 494 2358 quietem
517 2279 670 2340 internam
692 2281 812 2358 pariter
834 2297 870 2340 ac
892 2279 930 2341 ad
945 2280 1145 2342 securitatem
1168 2284 1329 2342 externam

131 2379 284 2444 militibus
312 2396 391 2460 opus
414 2381 474 2454 sit;
508 2381 624 2443 sanciri
647 2380 731 2442 solet
754 2380 879 2461 quando
902 2381 989 2441 cives
1018 2379 1056 2442 ad
1087 2379 1224 2442 militiam
1256 2381 1329 2462 cogi

130 2483 254 2562 possint
265 2479 316 2542 vel
332 2479 370 2542 ad
393 2480 613 2561 praestandum,
635 2499 697 2562 quo
710 2500 761 2544 res
785 2482 928 2544 militaris
950 2487 1164 2543 sustentetur:
1187 2484 1331 2562 quaesint
1390 2499 1392 2504 ·

130 2579 264 2644 militum
287 2581 388 2644 ollicia
412 2587 443 2642 et
467 2583 535 2644 iura
559 2587 589 2644 et
614 2582 788 2664 discipline
813 2583 955 2645 militaris
978 2565 1080 2666 leges.

175 2687 206 2766 ξ.
218 2683 269 2746 31.
314 2683 464 2762 Sequitur
486 2689 598 2764 quarto
619 2684 700 2762 loco,
725 2685 809 2765 quod
832 2702 888 2746 nos
908 2684 957 2745 ius
981 2683 1138 2746 criminale
1168 2699 1326 2758 vocamus,

131 2793 165 2850 et
186 2785 270 2867 quod
290 2785 420 2846 Romani
442 2783 562 2861 titulis,
597 2786 650 2865 qui
682 2791 755 2847 sunt
777 2785 816 2847 de
848 2785 1031 2848 criminibus
1056 2791 1087 2846 et
1122 2785 1162 2848 de
1191 2785 1326 2866 publicis

130 2887 271 2962 iudiciis,
295 2884 594 2966 complectebantur.
626 2885 824 2948 Deliniuntur
851 2904 888 2948 eo
902 2886 1088 2967 delictorum
1112 2905 1147 2948 ac
1170 2887 1332 2949 criminum

63 2999 73 3010 “
130 2993 242 3052 natura
266 2992 297 3048 et
318 2987 457 3067 species,
477 3004 577 3066 poenae
600 3004 770 3068 earumque
793 2987 964 3051 moderatio
979 2987 1031 3049 vel
1054 2989 1168 3064 auctio,
1192 2987 1331 3050 iudicio-

129 3105 200 3150 rum
221 3086 417 3167 publicorum
437 3085 525 3148 ordo.
817 3092 819 3096 ’

174 3191 205 3270 ξ.
220 3186 271 3251 32.
316 3175 461 3250 Ponenda
484 3193 532 3248 cst
555 3193 619 3248 tum
641 3187 695 3250 illa
720 3190 799 3251 iuris
824 3189 942 3270 publici
963 3206 1047 3269 pars,
1074 3205 1143 3268 quae
1166 3189 1197 3250 in
1220 3187 1330 3250 ordine

131 3289 319 3352 iudiciorum
344 3290 506 3363 consistit,
543 3289 675 3369 quibus,
699 3290 730 3351 in
753 3291 883 3369 privatis
906 3307 963 3351 seu
986 3289 1132 3350 civilibus
1154 3289 1259 3350 causis
1281 3289 1330 3348 ius

131 3395 275 3452 nostrum
290 3375 521 3469 persequimur.
548 3389 613 3451 Hoc
636 3391 707 3451 iure
729 3378 1209 3472 constituunturmagistratuum
1224 3379 1331 3450 ¹iuris-

132 3490 228 3552 dictio
251 3496 283 3551 et
302 3492 476 3571 imperium,
499 3491 645 3553 iudiciale
668 3478 813 3567 cilicium,
837 3497 868 3553 ct
881 3493 979 3554 omnis
991 3491 1183 3572 procedendi
1206 3489 1328 3567 modus,

132 3591 231 3652 veluti
268 3589 424 3670 quomodo
463 3592 604 3654 actiones
637 3586 856 3667 instituantur,
894 3592 1124 3672 perducantur,
1164 3591 1329 3667 liniantur,

27 3731 29 3736 -
132 3696 257 3755 caetera.

175 3794 206 3874 §-
219 3791 270 3858 33.
314 3791 589 3855 Adnumerandum
618 3792 754 3874 denique
777 3792 864 3856 hisee
895 3790 1071 3872 disciplinis
1098 3791 1148 3854 ias
1167 3793 1331 3855 ccclesias-

131 3893 241 3969 tioom,
273 3893 356 3974 quod
379 3899 507 3956 veteres
529 3895 579 3954 ius
603 3910 727 3956 sacrum
751 3893 869 3956 dicunt.
914 3892 979 3954 lioc
1002 3895 1073 3954 iure
1102 3892 1249 3956 delinitur
1272 3912 1329 3956 ec-

131 3993 239 4056 clesiae
259 4000 398 4074 potestas
423 4001 454 4056 et
476 3996 669 4071 constitutio,
696 3995 933 4078 magistratuum
958 3994 1245 4058 ecclesiasticorum
1268 3997 1328 4058 im-

131 4095 253 4174 perium
281 4099 312 4154 et
342 4095 538 4170 iurisdictio,
576 4097 740 4174 omnisque
765 4095 961 4158 hierarchiae
991 4101 1102 4158 status.
1148 4095 1327 4158 introducta

131 4197 205 4254 sunt
228 4191 288 4255 hoc
310 4196 379 4255 iure
400 4211 500 4270 sacra,
524 4196 664 4257 instituta
680 4201 796 4270 sancta,
820 4194 1034 4258 ecclesiastica
1056 4195 1170 4258 iudicia
1186 4202 1217 4258 et
1236 4197 1327 4280 leges

130 4292 169 4356 ad
194 4310 247 4354 res
270 4294 407 4374 privatas
440 4295 646 4375 publicasque
677 4295 833 4378 religione
863 4295 1080 4358 moderandas.
1126 4297 1225 4378 Saepe
1247 4313 1327 4359 con·
1400 4357 1403 4362 i

130 4395 237 4456 iuncta
260 4411 333 4457 esse
356 4394 439 4458 solet
463 4413 533 4458 cum
557 4395 614 4458 hac
637 4396 716 4458 iuris
739 4394 857 4476 publici
877 4402 965 4477 parte
981 4396 1328 4474 institutionispublicae

130 4500 163 4557 et
185 4493 390 4575 displinarum
414 4497 591 4576 artiumque
613 4494 789 4558 liberalium
812 4513 928 4558 summa
951 4513 1037 4558 cura.
