3064 4966
204 322 258 376 218
521 335 722 374 rnsrrrurronrs
745 337 819 374 runis
839 336 941 374 scanni
962 337 1083 378 saivari.

205 463 333 543 aliquod
345 465 395 527 vel
419 469 565 544 eventus,
592 484 656 547 quo
682 469 765 530 inter
785 467 866 531 duos
889 471 940 532 vel
963 471 1072 551 plures
1095 473 1297 537 necessitudo
1311 490 1405 554 que-

205 566 274 628 dam
297 568 509 646 constituitur,
533 574 565 630 et
582 567 663 630 iuria
683 575 886 650 praeceptum,
909 572 993 652 quod
1015 572 1088 634 huic
1099 573 1327 636 necessitudini
1349 575 1405 636 iu-

204 669 248 730 ris
270 669 430 730 vinculum
453 670 559 730 inesse
578 670 688 730 saucit.
733 668 1015 750 consequammi,
1037 673 1247 755 obligationes
1264 675 1406 735 existere

204 789 268 836 non
290 788 395 852 posse,
416 786 486 850 quae
508 769 597 832 nullo
622 769 707 832 lacto
726 771 961 834 interveniente
985 790 1026 834 ex
1046 773 1124 836 solis
1145 772 1272 856 legibus
1294 775 1406 836 orian-

206 880 268 951 tur,
293 891 352 936 nec
376 890 416 934 ex
434 869 502 932 sola
526 869 660 931 alicuius
675 870 809 932 bominis
822 870 985 934 voluntate
997 872 1223 955 obligationem
1244 874 1404 936 constitui.

247 973 322 1036 Cum
343 977 446 1036 autem
480 971 582 1032 omnia
611 970 690 1032 iuris
719 976 875 1051 praecepta
899 978 953 1033 aut
983 973 1062 1034 iuris
1094 975 1235 1056 gentium
1265 975 1329 1035 sint
1351 979 1406 1035 aut

203 1077 282 1139 iuris
306 1073 410 1138 civilis
432 1071 479 1158 (5.
502 1069 554 1140 52.
575 1071 656 1159 53),
676 1088 795 1138 summa
818 1073 1183 1167 obligationumdivisio
1201 1077 1233 1138 iu
1255 1075 1318 1138 duo
1343 1093 1407 1158 ge-

203 1195 280 1255 nera
307 1175 494 1248 deducitur3
530 1173 721 1235 naturalium
750 1179 782 1234 et
812 1175 963 1236 civilium.
1016 1173 1127 1237 Civilis
1162 1175 1314 1258 obligatio
1344 1180 1406 1251 est,

205 1276 329 1357 quando
350 1277 482 1339 invitum
503 1277 678 1340 debitorem
701 1279 827 1342 actione
850 1278 1000 1359 persequi
1023 1293 1201 1359 possumus.

245 1376 357 1459 §.758
400 1378 557 1440 Naturalis
581 1377 733 1461 obligatio
754 1385 815 1455 est,
839 1397 880 1440 ox
901 1396 962 1459 qua
986 1377 1125 1439 solutum
1140 1378 1241 1457 repeti
1256 1395 1319 1440 uon
1342 1395 1405 1458 pc-

206 1481 267 1538 test
281 1476 319 1562 ²),
342 1481 487 1557 quoniam
511 1496 606 1542 causa
624 1481 703 1541 iuris
726 1481 865 1562 gentium
888 1479 941 1542 vel
963 1480 1119 1558 aequitatis
1141 1479 1256 1564 ratio³)
1282 1479 1407 1558 repeti-

205 1577 321 1639 tionem
350 1579 482 1642 inbibet.
525 1579 685 1642 Naturalis
715 1579 867 1662 obligatio
879 1579 906 1666 4)
940 1599 957 1641 a
986 1579 1072 1641 civili
1094 1579 1126 1640 in
1151 1596 1189 1640 eo
1210 1577 1407 1640 solummodo

84 1727 92 1738 ,
151 1761 158 1767 ¹
204 1675 328 1754 differt,¹
343 1679 426 1758 quod
449 1681 603 1740 actionem
626 1697 688 1741 non
709 1681 806 1760 parit:
830 1681 861 1741 in
883 1679 1015 1760 reliquis
1026 1679 1157 1741 eandem
1170 1679 1269 1742 babet·
1286 1681 1349 1740 vim
1374 1685 1405 1742 et

205 1781 403 1860 potestatem,
427 1795 520 1859 quam
542 1786 573 1842 et
596 1781 707 1844 civiles
729 1781 942 1864 obligationes
963 1779 1087 1842 babent.
1130 1779 1181 1844 nd
1195 1797 1409 1860 compensan-

206 1875 278 1937 dum
294 1877 320 1958 5)
343 1884 374 1939 et
394 1878 431 1940 ad
456 1881 635 1943 novandum
656 1881 839 1970 proiest⁶):
869 1883 986 1964 pignus
1005 1887 1037 1944 et
1054 1881 1216 1942 fideiussic
1229 1881 1256 1967 7)
1280 1883 1312 1942 in
1336 1881 1406 1942 eius

204 1981 406 2044 securitatem
429 1983 497 2046 dari
521 1991 636 2065 potest,
660 1991 691 2047 et
713 2002 784 2066 qum
806 1991 880 2048 sunt
901 1985 1024 2066 reliqua
1042 1986 1268 2068 obligationum
1281 1980 1405 2043 allecta.

207 2080 363 2144 Coniundi
387 2102 449 2146 non
471 2085 564 2148 debet
586 2085 737 2148 naturalis
759 2086 911 2170 obligatio
934 2105 1004 2148 cum
1026 2089 1065 2148 iis
1091 2086 1207 2162 causis,
1231 2085 1262 2144 in
1287 2080 1404 2161 quibus

207 2181 327 2244 nullum
359 2186 484 2248 omnino
510 2185 712 2267 obligationis
726 2186 886 2248 vinculum
901 2187 1001 2264 adest,
1026 2185 1125 2249 veluti
1146 2185 1230 2266 quod
1252 2201 1407 2248 necessa-

206 2283 262 2344 riae
284 2283 511 2366 obligationum
530 2287 724 2351 conditiones
749 2288 878 2365 desunt,
911 2295 964 2350 aut
986 2289 1070 2370 quod
1102 2287 1155 2349 lex
1180 2285 1408 2368 obligationem

206 2383 341 2448 infirmat
352 2386 393 2472 ⁸),
412 2393 465 2448 aut
488 2389 516 2450 si
539 2389 615 2468 quid
638 2407 695 2469 per
716 2390 934 2470 exceptionem
957 2395 1142 2470 perpetuam
1164 2387 1227 2468 peti
1259 2404 1322 2448 non
1344 2402 1408 2466 po-

207 2486 317 2572 tasti).
362 2485 398 2550 ln
421 2489 469 2552 bis
492 2489 617 2552 casibus
639 2491 721 2554 enim
743 2491 880 2554 solutum
901 2493 1003 2572 repeti
1026 2490 1196 2577 potest10).

247 2593 280 2670 ς.
292 2589 362 2655 759.
408 2588 554 2652 Civilium
578 2597 681 2656 antem
704 2591 933 2675 obligationum
962 2593 1032 2656 duae
1062 2591 1302 2677 distinguuntur
1330 2603 1411 2668 spe-

209 2689 297 2750 cies:
329 2707 462 2770 namque
491 2697 544 2754 aut
573 2691 699 2776 legibus
722 2693 900 2756 constitutae
923 2693 976 2754 vel
1004 2696 1091 2754 certo
1113 2691 1185 2752 iure
1207 2685 1295 2750 civili
1319 2704 1411 2748 oom-

208 2789 346 2872 probate
368 2795 457 2866 sunt,
487 2797 519 2852 et
548 2791 596 2854 bae
619 2796 748 2874 proprie
778 2792 892 2856 civiles
925 2791 1089 2854 dicuntur:
1122 2795 1176 2852 aut
1206 2789 1411 2872 magistratus

208 2889 308 2952 veluti
320 2889 436 2954 Praetor
456 2909 509 2954 eas
528 2911 567 2954 ex
584 2909 640 2956 sua
662 2893 880 2958 iurisdictione
903 2893 1084 2966 constituit;
1104 2891 1258 2952 actionem
1281 2885 1387 2948 dando
1397 2903 1408 2959 3

209 2995 241 3054 et
262 2990 310 3052 bae
331 2991 507 3055 bonorariae
531 2998 563 3056 et
585 2993 710 3074 quando
734 3013 751 3056 a
772 2993 908 3058 Praetore
933 2993 1014 3056 actio
1036 2991 1140 3066 datur,
1161 2987 1322 3070 ‚praetoriae
1348 3003 1413 3047 vc-

209 3093 381 3180 canturss).
433 3092 587 3156 Civilibus
616 3094 865 3178 obligationibus
890 3093 1090 3157 adnumerari
1111 3095 1245 3172 possunt
1267 3107 1315 3164 ea,
1339 3103 1413 3168 quae

207 3195 384 3276 principum
406 3195 684 3259 constitutionibus
708 3196 830 3259 demum
851 3194 1060 3276 comprobatae
1082 3197 1166 3254 sunt.

208 3323 405 3338 Q...—

244 3379 270 3444 1)
290 3377 443 3430 lteiicienda
468 3377 546 3444 igiter
568 3379 742 3432 recentiorum
766 3378 793 3428 in
818 3379 994 3430 remediatos
1021 3379 1047 3428 et
1071 3375 1212 3427 mediator
1231 3371 1412 3440 obligationes

208 3449 310 3503 divisio.

242 3519 271 3586 2)
292 3521 334 3571 Fr.
355 3516 397 3568 10.
416 3520 449 3570 D.
467 3517 512 3582 44,
530 3515 547 3570 7
565 3521 596 3570 ir.
616 3519 640 3572 9.
661 3517 683 3577 ἓ.
703 3517 728 3572 5.
746 3521 778 3571 ir.
799 3517 841 3572 10.
864 3515 892 3570 D.
913 3516 954 3581 14,
975 3517 991 3569 6
1011 3514 1059 3582 (ad
1077 3516 1104 3568 S.
1121 3513 1252 3580 Manem).

242 3589 270 3658 3)
290 3591 332 3642 Fr·
352 3586 395 3642 84·
414 3589 436 3648 ἓ·
457 3591 482 3643 1.
505 3588 534 3641 D.
554 3587 597 3652 50,
616 3587 651 3642 17
669 3588 717 3657 (de
735 3608 790 3658 reg.
807 3588 878 3656 ium).
896 3592 927 3641 fr.
938 3587 981 3641 95.
1000 3587 1023 3647 5.
1044 3585 1070 3638 4.
1094 3583 1123 3638 Ι).
1142 3584 1186 3649 46,
1204 3583 1221 3636 3
1240 3582 1287 3648 (de
1308 3581 1410 3646 solut).

241 3661 270 3730 4)
292 3663 334 3714 De
354 3663 521 3714 naturalibus
540 3661 745 3729 obligationibus
762 3663 869 3728 longius
898 3659 1033 3726 disputari
1059 3660 1086 3708 in
1109 3660 1321 3710 Commentariis
1340 3658 1410 3708 eseia

208 3739 224 3785 t.
246 3735 271 3788 2.
289 3753 314 3801 p.
335 3731 395 3784 156.
432 3737 478 3785 cfr.
497 3738 524 3784 et
541 3751 564 3784 a.
584 3732 923 3801 Serapam'Obtip-Recbt
942 3733 962 3782 1.
982 3731 1005 3790 ἐ.
1020 3727 1125 3782 5.-14,
1146 3733 1173 3778 et
1193 3726 1296 3794 Magne
1316 3721 1410 3784 §.aba

241 3803 272 3872 5)
289 3807 331 3856 Fr.
350 3803 375 3855 6.
399 3801 428 3854 D.
447 3804 491 3868 16,
509 3805 526 3857 2
545 3802 591 3870 (de
610 3801 766 3872 compens).
824 3801 871 3868 6)
889 3805 932 3854 Fr.
950 3802 975 3858 1.
995 3802 1018 3861 §-
1037 3801 1062 3852 1.
1083 3797 1112 3850 l).
1130 3797 1205 3862 46,1
1228 3796 1276 3858 (de
1296 3793 1411 3862 norat).

241 3873 269 3940 7)
289 3876 331 3927 Fr.
352 3873 394 3926 16.
413 3876 434 3934 ἓ.
455 3874 480 3927 3.
502 3872 532 3926 D.
549 3873 594 3939 46,
613 3875 627 3927 1
647 3874 695 3942 (de
712 3871 850 3938 fidelitas).
868 3876 899 3926 ir.
921 3872 946 3926 5.
966 3891 1005 3940 pr.
1028 3869 1057 3922 D.
1077 3869 1120 3934 20,
1143 3869 1157 3922 1
1192 3869 1227 3922 de
1245 3867 1339 3938 pigra).

241 3945 268 4012 8)
291 3949 389 3998 Dicunt
407 3951 520 4010 veteres,
540 3947 656 4015 aliquem
677 3963 710 3997 ne
731 3947 846 3998 naturali
865 3945 971 4014 quidem
991 3945 1047 3996 iure
1067 3959 1125 3996 esee
1145 3943 1179 3993 cb
1192 3943 1300 4008 igetum.
1319 3942 1351 3994 fr.
1367 3937 1412 3992 59.

96 3995 101 4004 ”
208 4015 302 4081 1144,
321 4015 338 4069 7
358 4015 396 4082 (h.
417 4014 455 4083 t).
474 4021 505 4070 tr.
525 4016 565 4070 10.
584 4037 623 4086 pr.
644 4016 674 4068 D.
694 4017 736 4081 12,
754 4016 770 4069 6
789 4017 836 4080 (tle
855 4017 969 4068 condiet.
981 4013 1058 4080 inb).
1088 4012 1219 4067 Hodierni
1237 4013 1288 4064 hes
1308 4011 1413 4078 obliga-

206 4085 293 4143 tiones
310 4089 446 4140 naturales
464 4091 619 4156 reprcbatas
638 4090 737 4141 dicunt.

242 4160 269 4224 9)
289 4163 332 4212 Fr.
351 4158 392 4212 26.
412 4159 434 4220 §-
453 4158 478 4212 3.
500 4157 530 4213 D.
551 4161 594 4224 12,
613 4160 629 4212 6
649 4156 771 4226 (tinnit).
807 4159 940 4212 Hodierni
958 4159 1030 4210 hanc
1047 4172 1121 4208 mere
1140 4157 1247 4208 civitem
1268 4153 1412 4220 obligatio-

207 4249 267 4286 nem
286 4231 498 4300 appellaverunt
1130 4229 1133 4236 ⁴
1219 4237 1221 4241 ·

224 4302 271 4370 10)
291 4305 333 4355 Fr.
354 4301 395 4355 13.
414 4321 452 4370 pr.
474 4305 506 4354 ir.
522 4302 563 4354 19.
582 4319 621 4369 pr.
639 4304 670 4353 tr.
689 4300 732 4353 41.
755 4299 784 4352 D.
805 4299 847 4364 12,
864 4299 880 4353 6
898 4297 949 4366 (tit.
970 4296 1034 4364 cit).
1060 4295 1083 4357 §-
1104 4295 1190 4350 1.-5.
1215 4295 1236 4346 Ι.
1255 4291 1282 4357 4,
1302 4291 1337 4344 13
1360 4290 1411 4360 (de

208 4371 379 4442 exception).
403 4374 463 4426 Gai.
481 4373 507 4426 4.
527 4373 550 4436 ἐ.
570 4372 629 4424 116.
652 4369 711 4426 117.

226 4446 271 4512 11)
292 4446 315 4506 ἓ.
336 4444 445 4582 lag-171)
464 4450 482 4496 t
503 4442 540 4510 (3,
559 4443 614 4512 13).
633 4447 664 4496 ir.
688 4443 712 4496 1.
732 4441 756 4504 5.
775 4442 800 4496 8.
822 4437 852 4493 D.
874 4439 917 4506 13,
935 4437 952 4494 5
970 4438 1017 4508 (de
1037 4453 1095 4506 pec.
1114 4433 1219 4504 coust).
1239 4437 1270 4488 fr.
1289 4433 1333 4488 52.
1352 4432 1376 4496 5.
1386 4433 1413 4486 6.

209 4517 241 4569 D.
261 4519 288 4568 h.
307 4523 325 4568 t.
391 4549 418 4591 ³.
449 4553 455 4566 .
662 4529 670 4540 ’
