3082 4976
624 381 815 424 rurucuucmc.
1286 375 1321 432 15

87 548 90 560 ·
118 519 234 582 civitas
255 535 382 582 romana
406 519 564 584 universae
586 517 684 580 ltalioe
707 517 777 580 data
802 522 869 591 est3
892 533 954 596 quo
979 517 1029 578 ius
1048 533 1209 580 romanum
1229 519 1322 581 latis-

117 620 202 681 sime
227 617 375 682 diffusum
395 625 436 702 (a.
451 637 481 684 u.
503 638 531 683 c.
554 620 695 706 acarna).
739 619 773 681 ln
797 619 969 699 provinciis
996 635 1122 698 quoquc
1143 619 1251 682 libere
1273 621 1322 682 ai-

117 721 235 782 vitates
257 719 335 782 iuris
359 721 459 784 ltalici
479 721 691 807 pernissae1).

160 821 191 900 §-
206 819 258 886 51.
305 817 380 891 Qua
403 820 504 882 omnia
526 837 595 882 curn
620 820 743 896 tierent,
769 823 818 882 ius
841 819 934 882 civile
960 819 1168 883 Romanorum
1189 824 1320 884 maxime

116 903 269 980 mutatum
301 924 358 980 est.
403 918 473 982 Duo
496 926 585 982 erant
608 921 686 982 iuris
700 919 813 982 lantes
828 919 958 996 diversi,
979 923 1121 1001 gentium
1141 923 1190 982 ius
1217 929 1248 984 et
1271 925 1320 986 ius

116 1019 227 1095 civile,
249 1019 346 1100 idque
368 1021 421 1086 vel
444 1023 594 1103 scriptum
616 1021 670 1083 vel
694 1039 756 1084 non
778 1023 939 1101 scripturn.
997 1019 1048 1082 lus
1070 1022 1220 1101 scripturn
1242 1041 1321 1086 con-

117 1120 279 1182 tinebatur
303 1120 441 1203 legibus,
465 1123 639 1203 plebiscitis
662 1129 694 1185 et
716 1121 1011 1186 senatusconsultis.
1032 1121 1136 1204 Leges
1150 1123 1320 1187 universus

117 1221 268 1301 populus,
290 1225 451 1286 senatorio
473 1225 660 1306 magistratu
684 1225 913 1305 interrogante,
938 1223 1037 1285 veluti
1062 1223 1210 1302 Consule,
1232 1225 1320 1288 iere·-

118 1321 183 1382 bat.
207 1319 375 1384 Plebiscita
395 1342 412 1384 a
429 1321 535 1404 plebe,
559 1323 686 1404 plebeio
698 1325 893 1406 magistratu,
915 1323 1163 1390 velutil'ribuno
1176 1333 1320 1408 rogante,

118 1421 407 1484 constituebantur.
453 1424 733 1514 senatusconsulta
755 1430 884 1486 senatus
909 1425 994 1486 iussa
1018 1426 1158 1513 erantt).

163 1526 194 1605 §-
209 1522 261 1590 52.
306 1521 358 1585 lus
380 1541 442 1585 non
462 1524 613 1604 scripturn
634 1530 749 1586 autern·
759 1524 898 1588 moribus
914 1523 1063 1586 maiorum
1086 1526 1248 1589 constabat
1268 1526 1320 1588 vel

119 1623 418 1700 consuetudinibus,
440 1641 517 1704 quas
538 1625 634 1686 tacito
657 1625 793 1688 omniurn
821 1632 979 1688 consensu
1008 1632 1151 1688 vetustas
1173 1645 1321 1708 compro-

120 1725 266 1800 baverat,
286 1730 340 1788 aut
361 1724 458 1788 rebus
482 1725 639 1800 iudicatis,
659 1726 730 1786 iure
754 1727 924 1788 honorario
949 1731 981 1788 et
1003 1727 1073 1788 iure
1096 1727 1183 1788 civili
1196 1729 1236 1816 8).

163 1828 195 1908 §-
212 1825 264 1892 53.
309 1825 361 1888 lus
380 1826 580 1888 honorarium
604 1826 685 1905 apud
697 1825 851 1890 Romanos
868 1829 978 1890 summi
1001 1833 1049 1890 est
1072 1830 1228 1892 momenti.
1251 1831 1322 1909 Ap·
1356 1833 1362 1841 “

118 1926 261 2007 pellatur
282 1927 342 1989 boc
368 1929 492 1990 nomine
515 1928 576 2003 ius,
600 1926 683 2007 quod
707 1928 928 2008 magistratus,
960 1931 1013 2007 qui
1035 1929 1171 1992 bonores
1193 1936 1321 2012 gerunt,

119 2034 368 2108 proposuerunt.
421 2026 496 2090 Cum
527 2029 609 2090 enirn
639 2027 792 2089 Praetores
824 2033 855 2088 et
883 2027 1005 2090 AEdiles
1040 2031 1108 2091 iura
1137 2030 1319 2106 redderent,

120 2129 226 2192 edicta
250 2123 434 2210 proponere
454 2135 618 2209 coeperunt
640 2128 680 2190 de
703 2129 753 2204 iis,
778 2145 847 2208 quae
868 2128 962 2190 certis
978 2130 1010 2190 in
1027 2132 1130 2192 causis
1153 2131 1321 2192 iudicaturi
1378 2163 1385 2180 ·

121 2235 243 2303 essent,
272 2235 336 2290 tum
362 2235 396 2290 ut
417 2231 505 2290 cives
528 2229 588 2292 hoc
611 2231 745 2306 scirent,
769 2247 869 2310 seque
890 2229 1162 2317 praemunirent4),
1183 2248 1263 2306 cunr,
1288 2236 1322 2292 ut

120 2330 326 2412 magistratus
348 2331 407 2410 ipsi
430 2349 447 2391 a
468 2330 592 2410 publica
617 2331 867 2411 reprehensione
897 2347 1029 2392 securos
1058 2348 1093 2392 se
1122 2337 1318 2411 prostarent.

123 2429 203 2492 Cum
228 2448 279 2494 res
303 2449 438 2494 romanae
467 2439 670 2509 crescerent,
692 2433 808 2496 Praetor
828 2433 900 2494 anni
923 2434 972 2494 sui
994 2433 1083 2494 initio
1106 2435 1138 2494 in
1161 2431 1244 2508 albo,
1269 2431 1321 2494 ubi
1425 2455 1434 2482 o

119 2532 161 2596 de
184 2533 279 2612 plano
305 2540 392 2596 recte
415 2534 480 2617 legi
502 2541 629 2615 posset,
656 2535 815 2612 edicebat,
849 2533 1107 2614 quamadmodum
1128 2552 1186 2614 per
1208 2549 1320 2594 annum
1344 2556 1348 2562 ·

119 2637 170 2695 ius
195 2633 342 2695 dicturus
360 2641 462 2716 esset,
501 2635 584 2716 quod
607 2636 741 2698 edictum
772 2641 933 2716 perpetuae
967 2634 1192 2696 iurisdictionis
1226 2651 1320 2696 causa

118 2735 328 2816 propositum,
352 2753 409 2797 seu
435 2743 620 2816 perpetuum
633 2737 804 2799 vocabatur
818 2735 857 2824 5).
896 2731 1018 2798 Praetor
1034 2735 1171 2798 urbanus
1187 2734 1321 2810 civibus,

119 2836 314 2917 peregrinus
336 2837 518 2919 peregrinis
542 2837 650 2899 edixit.
707 2837 879 2899 Edicebant
901 2842 1002 2898 autem
1024 2835 1203 2917 supplendi,
1227 2834 1321 2897 adiu-

119 2935 219 2998 vandi
244 2936 297 2997 vel
328 2937 510 3020 corrigendi
531 2938 610 2998 iuris
633 2937 735 2999 civilis
763 2937 903 3025 gratiass)
927 2943 1057 3018 propter
1079 2935 1232 3017 publicam
1256 2936 1321 2996 uti·
1345 2933 1352 2948 “

120 3034 241 3097 litatem
268 3056 304 3098 ac
326 3038 584 3118 quemadmodum
605 3045 777 3118 temporum
799 3039 912 3100 rationi
935 3037 1106 3118 populique
1129 3035 1267 3099 moribus
1290 3041 1321 3096 et

119 3137 262 3218 opinioni
285 3144 389 3217 aptum
412 3140 444 3202 id
467 3157 538 3202 esse
561 3139 742 3202 credebant.
800 3135 890 3211 Quod
921 3157 936 3200 a
959 3137 1095 3200 Praetcrc
1123 3136 1255 3218 quodam
1278 3139 1320 3198 ita

120 3239 220 3302 semel
243 3237 366 3302 utiliter
380 3247 447 3303 erat
462 3243 674 3317 constitutum,
692 3261 707 3302 a
725 3246 879 3320 sequente
892 3240 1030 3302 Praetorc
1047 3241 1169 3300 servari
1185 3242 1319 3318 coeptum

120 3345 183 3414 est,
207 3343 238 3400 et
259 3339 353 3412 edicti
368 3341 409 3402 ita
423 3341 562 3404 tralatitii
578 3341 650 3404 facti
666 3341 783 3404 utilitas
795 3341 936 3422 probata,
955 3358 1081 3420 semper
1094 3338 1270 3422 augebatur
1281 3335 1320 3422 τ).

120 3439 254 3517 Pariter,
277 3443 322 3502 uti
345 3441 510 3518 Praetores,
535 3447 566 3504 et
589 3441 763 3518 Censores,
795 3442 912 3522 aliique
935 3441 1135 3523 magistratus
1157 3439 1260 3502 Rornae
1290 3445 1321 3500 et

119 3542 154 3602 in
187 3537 360 3605 Provinciis
390 3541 605 3625 Propraatcres
641 3541 691 3606 vel
724 3541 933 3605 Proconsules
968 3541 1141 3604 edicebant.
1203 3539 1320 3602 Horum

73 3809 84 3832 ‚
159 3764 187 3833 1)
206 3766 298 3818 Cicero
316 3767 345 3818 in
363 3765 472 3817 Verrem
491 3767 525 3817 11.
543 3761 587 3816 49.
608 3767 654 3816 ΙΙΙ.
674 3765 699 3816 6.
719 3765 756 3816 ad
774 3766 827 3816 Art.
848 3765 894 3815 VI·
914 3764 940 3816 2.
958 3765 1017 3814 Liv.
1036 3764 1145 3814 XXXV.
1166 3760 1211 3814 46·
1237 3760 1320 3814 XLV.

119 3834 166 3889 26.
186 3835 229 3889 29.
267 3838 308 3887 De
335 3837 392 3888 iure
413 3837 504 3888 italico
532 3837 676 3890 novissime
694 3843 819 3903 peracute
846 3837 991 3902 disputavit
1010 3838 1075 3888 Uar.
1094 3835 1267 3898 Recer‘llottd,
1293 3836 1321 3885 lu

118 3910 263 3976 Ephemer.
283 3909 333 3959 sub
353 3909 431 3960 titulo
452 3909 553 3962 Ranae.
566 3911 712 3976 bietorr'que
733 3911 771 3962 du
790 3909 864 3961 droit
875 3912 1008 3977 frangeis
1027 3917 1053 3960 et
1082 3915 1211 3974 erconger
1246 3907 1320 3958 Pari-

120 3983 168 4034 siis
187 3980 274 4033 editis.
294 3983 314 4028 t.
326 3979 347 4030 1.
366 3997 391 4046 p.
403 3977 454 4030 341
475 3975 576 4045 (1855).

158 4049 185 4117 2)
208 4052 268 4104 Caii
285 4051 350 4102 Inst·
371 4052 392 4102 Ι.
413 4049 437 4109 ἓ.
452 4048 478 4112 3,
496 4049 522 4102 4.
544 4049 567 4110 ἓ.
578 4047 602 4102 5.
625 4052 687 4104 inst
707 4053 733 4102 h.
748 4055 765 4100 t.
786 4049 928 4117 Theophil.
948 4049 984 4100 ad
1003 4047 1027 4108 ἕ.
1037 4046 1062 4101 5.
1082 4048 1145 4100 Inst.
1165 4047 1191 4097 h.
1212 4053 1232 4099 l.

157 4119 185 4190 3)
205 4123 298 4176 Cicero
318 4121 352 4173 de
371 4123 537 4184 Inventione,
555 4123 602 4173 lib.
621 4123 656 4174 11.
674 4123 702 4174 C.
713 4120 755 4174 22.
783 4122 857 4172 Orat·
877 4122 965 4186 partit.
986 4116 1068 4174 c.37.
1104 4119 1150 4170 Ad·
1165 4118 1229 4170 Her.
1249 4119 1293 4182 IL,

156 4191 185 4263 4)
207 4194 371 4260 Pomponius
391 4193 415 4254 §-
434 4192 476 4245 10.
513 4194 708 4258 „Honorerium
731 4194 772 4245 ius
802 4193 899 4244 dicitur
920 4193 994 4262 quod
1019 4193 1055 4242 ab
1074 4191 1180 4242 honore
1200 4191 1319 4260 praetoris

119 4265 254 4323 renerct“
474 4283 477 4289 ·
580 4265 584 4270 ’

157 4337 185 4406 5)
206 4340 303 4388 bacon.
325 4335 362 4386 ad
375 4335 507 4388 Ciceronis
519 4335 592 4388 orat.
611 4353 658 4403 pro
672 4329 805 4388 Cornelio.
824 4335 866 4386 Fr.
877 4333 901 4388 7.
922 4337 954 4386 D·
965 4334 990 4386 2.
1011 4333 1025 4386 1
1050 4331 1097 4402 (de
1114 4328 1317 4398 iurisdictione).

123 4409 264 4466 Cicereia
281 4407 356 4460 Verr.
376 4409 422 4460 Ill.
444 4405 485 4460 14.
642 4435 645 4448 .
691 4404 713 4422 ⁶
1378 4406 1383 4422 '

158 4479 185 4546 6)
208 4481 252 4532 Fr.
271 4474 298 4542 7,
316 4477 340 4538 §-
353 4477 376 4530 1.
396 4479 428 4530 D·
454 4477 469 4530 1
488 4475 534 4544 (de
552 4478 655 4531 luctet
674 4475 753 4541 iure)-
790 4475 914 4544 Theoph·
935 4476 972 4526 ad
989 4493 1028 4544 pr·
1048 4477 1069 4528 1.
1089 4474 1115 4528 3.
1134 4474 1159 4528 9.

157 4549 185 4617 7)
206 4552 296 4603 Cicero
316 4549 345 4600 in
361 4549 471 4602 Verrem
489 4549 509 4600 1.
529 4545 573 4602 45.
592 4549 638 4600 ΠΙ.
662 4545 688 4599 7.
