3082 4976
167 361 170 365 ·
202 347 239 404 40
527 358 726 398 ratrrrurrom
747 339 821 398 touta
840 359 945 400 aanor
964 359 1083 402 aarvnrr.

245 496 275 574 g.
288 488 359 555 133.
404 489 519 575 Tres1)
542 490 642 573 igitur
652 495 743 552 erant
759 491 871 570 capitis
889 491 1112 554 diminutiones
1126 508 1185 554 seu
1201 498 1302 556 status
1326 513 1405 576 per-

204 593 408 655 mutationes:
431 593 573 667 maxima,
596 609 666 654 oum
687 591 802 671 aliquis
825 592 919 654 simul
942 596 973 654 et
994 593 1152 655 civitatem
1176 597 1208 655 et
1226 594 1406 659 libertatem

201 693 366 781 66166161),
396 691 479 773 quod
501 691 616 753 accidit
637 691 669 752 in
693 709 749 767 eo,
774 692 827 771 qui
850 709 966 754 servus
987 709 1087 773 poenac
1111 691 1266 768 elicitum
1301 697 1406 759 minor

201 813 259 860 seu
280 796 392 873 media,
414 795 442 858 si
465 794 611 856 libertate
634 798 759 855 retenta
778 794 892 856 civitas
913 795 1082 870 amittitur,
1117 794 1217 856 veluti
1239 813 1309 856 cum
1330 799 1404 876 quis

199 896 333 960 insulam
354 895 538 976 deportatur
547 895 587 980 ³).
631 893 726 956 Hisce
747 895 856 973 capitis
881 894 1138 956 diminutionibus
1158 897 1285 976 punitos
1309 899 1404 960 etiam

199 999 337 1062 civiliter
357 1002 498 1059 mortuos
521 994 680 1075 ap'pellare
703 994 855 1081 solent4).
886 994 1011 1057 Minima
1035 1001 1084 1058 cst
1100 997 1210 1077 capitis
1224 996 1403 1074 diminutio,

199 1099 325 1180 quaudo
348 1103 458 1181 status·
473 1096 607 1158 hominis
631 1095 781 1158 duntaxat
804 1101 949 1172 mutatur,
973 1097 1033 1158 i.e.
1058 1115 1127 1160 cum
1140 1098 1269 1179 agnatio
1291 1117 1402 1162 eman-

199 1201 367 1281 cipatione,
381 1198 562 1278 adoptione,
583 1183 787 1279 arrogatione
801 1198 914 1260 aliisve
923 1196 1036 1274 modis,
1059 1197 1136 1260 olim
1150 1201 1302 1280 receptis,
1327 1215 1404 1262 res-

201 1298 385 1384 6160061).
430 1298 549 1362 Servus
573 1303 677 1360 autem
699 1299 908 1360 manumissus
931 1301 1033 1378 capite
1056 1317 1119 1362 non
1142 1301 1304 1376 minuitur,
1328 1301 1403 1380 quia

201 1400 321 1464 nullum
344 1405 438 1480 caput
459 1399 619 1487 babuitij.

242 1506 272 1584 ξ.
286 1501 357 1566 134.
400 1501 544 1564 Alterum
556 1519 763 1582 personarum
787 1503 819 1564 in
843 1503 913 1564 iure
935 1519 1037 1586 genus
1051 1503 1156 1564 varias
1171 1503 1297 1584 specics
1320 1521 1404 1566 con-

201 1606 291 1680 tinet,
317 1619 388 1682 quac
408 1601 461 1664 vel
484 1602 608 1682 privato
629 1603 682 1665 vel
705 1601 832 1684 publico
862 1604 933 1664 iure
954 1606 1188 1666 constituuntur
1217 1623 1253 1667 ao
1275 1603 1404 1666 diversa

201 1707 323 1768 ratione
344 1702 511 1766 diiudicari
531 1703 657 1766 debent.

242 1803 366 1867 Privato
389 1805 461 1866 iure
482 1805 641 1867 hereditas
663 1807 764 1868 vicem
787 1805 929 1868 defuncti
945 1807 1082 1868 sustinet
1092 1806 1129 1891 7).

243 1910 274 1987 ξ.
284 1905 355 1971 135.
399 1905 436 1968 Vi
456 1905 573 1986 publici
603 1907 682 1969 iuris
710 1907 748 1968 ad
777 1922 930 1987 personas
961 1906 1017 1968 has
1045 1906 1230 1969 referuntur
1253 1907 1404 1988 princeps

201 2009 233 2070 in
258 2007 385 2069 civitate
395 2006 435 2091 ⁸),
458 2005 565 2081 fiscus,
590 2007 644 2085 qui
668 2007 848 2090 privilegiis
872 2007 1058 2087 quibusdam
1080 2007 1208 2084 fruitur,
1229 2007 1405 2089 magistra·-

201 2113 252 2170 tus
275 2107 486 2170 ecclesiastici
508 2113 539 2168 et
563 2107 676 2168 civiles
688 2105 734 2191 9),
758 2107 868 2170 domus
892 2107 1113 2183 venerabiles,
1140 2109 1251 2170 aeraria
1274 2107 1313 2170 ad
1333 2109 1404 2187 pias

201 2225 312 2272 causas
334 2209 487 2282 instituta,
509 2213 540 2268 et
561 2207 786 2270 universitates
809 2225 866 2270 seu
889 2226 1022 2288 corpora
1046 2208 1097 2270 vel
1120 2195 1266 2290 collegia.

245 2314 276 2392 ᾖ.
288 2309 359 2374 136.
402 2308 458 2370 llac
481 2307 607 2388 quidem
627 2309 759 2388 primum
780 2307 884 2370 locum
912 2310 945 2370 in
968 2310 1029 2370 hoc
1050 2325 1256 2389 personarum
1280 2327 1404 2392 genere

208 2412 363 2487 obtinent,
384 2409 482 2471 veluti
502 2409 688 2490 municipia,
713 2410 827 2485 curioe,
859 2409 995 2492 collegia
1024 2409 1168 2491 opiticum
1189 2410 1303 2472 aliave.
1347 2409 1406 2474 Est

204 2518 308 2575 autem
333 2510 548 2572 universitatis
571 2509 708 2590 plurium
729 2511 940 2586 consociatio,
964 2513 1014 2571 cui
1044 2510 1097 2572 vel
1117 2529 1158 2574 cx
1178 2511 1264 2594 lege,
1287 2511 1338 2574 vel
1362 2530 1404 2574 ex

207 2611 365 2696 singulari
394 2611 640 2686 constitutione,
671 2626 815 2691 persone
844 2610 981 2690 qualitas
1014 2612 1141 2692 publice
1162 2629 1314 2680 concessa
1340 2619 1401 2689 cst,

108 2756 112 2765 .
203 2729 266 2792 quo
288 2711 370 2774 lacta
392 2710 565 2792 singularis
587 2727 733 2791 persone
766 2713 866 2772 instar
889 2726 980 2773 suum
1000 2713 1237 2792 patrimonium,
1271 2715 1400 2794 propria

201 2813 270 2874 iura
294 2811 410 2874 habere
443 2817 475 2874 et
495 2811 566 2874 aliis
590 2811 728 2894 obligata
752 2828 824 2873 esse
855 2816 976 2892 potest,
1006 2829 1106 2892 caque
1135 2815 1204 2876 iura
1225 2831 1289 2876 nou
1312 2820 1399 2891 suot,

201 2910 460 2993 quemadmodum
491 2914 523 2974 in
545 2911 679 2992 simplici
702 2912 872 2988 societate,
907 2929 965 2992 pro
999 2919 1088 2994 parte
1110 2915 1313 2997 singulorum
1343 2933 1402 2978 so·-

176 3011 336 3088 ciorum,
368 3013 425 3075 sed
449 3013 549 3075 solius
569 3013 698 3095 collegii
722 3011 774 3074 vel
799 3015 941 3092 corporis
962 3031 1116 3092 persone.
1167 3014 1290 3078 ldciroo
1316 3017 1401 3096 quod

197 3113 397 3176 universitati
417 3114 561 3190 debetur,
584 3113 721 3196 singulis
744 3131 807 3176 non
830 3113 964 3176 debetur
971 3133 980 3188 ;
1020 3133 1079 3176 nec
1103 3116 1186 3196 quod
1206 3116 1302 3180 debet
1324 3119 1399 3180 uni-

201 3215 348 3290 versitas,
374 3214 493 3298 singuli
516 3214 695 3301 debentffl).
777 3247 782 3255 ·

243 3319 274 3398 ξ
289 3314 358 3380 137
402 3313 469 3376 'lali
495 3315 586 3378 modo
608 3314 714 3378 differt
744 3317 914 3378 constituta
938 3318 1037 3380 semel
1059 3273 1251 3382 universitas
1282 3339 1300 3382 a
1329 3322 1399 3382 sin-

201 3415 305 3500 gulis,
337 3420 372 3474 ut
403 3415 546 3477 omnibus
577 3415 666 3478 hisce
697 3417 787 3478 ctiam
819 3419 966 3492 mutatis,
999 3419 1052 3481 vel
1085 3425 1177 3482 aucto
1207 3420 1402 3484 diminutove

201 3533 310 3579 eorum
332 3533 473 3591 numero,
499 3516 619 3578 etiamsi
641 3516 680 3578 ad
704 3533 798 3580 unum
822 3517 984 3596 reciderit,
1006 3519 1116 3582 eodem
1138 3527 1241 3584 66666
1263 3538 1402 3600 persona

201 3633 273 3678 csse
297 3613 444 3677 videatur
459 3615 514 3700 Π).

206 3738 404 3750 ——m—

384 3823 445 3887 6
464 3823 533 3888 (06
532 3839 581 3892 cap
582 3824 626 3877 itis
646 3776 841 3886 0161666666).
1068 3837 1069 3840 ’

427 3893 486 3958 16
509 3893 546 3959 (6
567 3894 607 3960 6.),
626 3898 657 3947 ir.
679 3896 721 3948 11.
741 3900 773 3949 D.
791 3895 818 3962 4,
838 3894 884 3954 5(
875 3896 925 3963 (616.
947 3896 993 3964 6.).
1019 3897 1082 3968 Ulp.
1100 3903 1195 3969 fragm
1215 3901 1262 3953 xt.
1282 3900 1398 3954 11-13.

383 3919 1291 4040 ,614)Ι6666161τ.209.0.50,1770666166).

424 4036 514 4090 61..3
534 4037 557 4096 0.
578 4037 604 4100 3,
622 4039 643 4090 I.
663 4041 689 4091 6.
706 4045 724 4091 6
754 4040 813 4091 061.
832 4043 853 4092 1.
872 4040 1021 4093 tos—163.

427 4108 486 4192 ’16
379 4106 634 4247 (hitgde
654 4180 797 4272 fideiuss..)
826 4183 857 4232 fr.
880 4179 923 4234 15·
947 4200 986 4250 pr.
1016 4185 1050 4234 D.
1068 4181 1113 4248 41,
1132 4182 1150 4236 3
1179 4183 1228 4249 (06
1252 4201 1344 4257 usurp.
1370 4195 1397 4239 66

495 4323 555 4376 .2
577 4321 625 4389 (06
642 4324 723 4410 legat:
739 4319 807 4388 111..)

496 4391 606 4460 ,(60
623 4391 770 4460 municip).
800 4395 867 4446 Nor.
885 4391 946 4448 134.
966 4412 989 4445 6.
1008 4395 1033 4446 6.

421 4502 428 4516 .
561 4462 612 4516 ,7.
630 4463 653 4524 0.
673 4465 698 4517 1.
718 4467 752 4516 Ι).
769 4462 796 4527 3,
815 4463 881 4534 4(q
882 4466 937 4518 uod
955 4467 1008 4518 oui.
1025 4464 1227 4533 universitatis).

505 4536 563 4587 .i.
583 4538 614 4586 fr.
635 4533 677 4586 76.
695 4537 729 4586 D.
748 4533 774 4600 5,
788 4500 806 4586 '1
827 4485 881 4601 (06
896 4535 1022 4601 iudiciis).
