<?xml version="1.0" encoding="UTF-8"?>
<!DOCTYPE html PUBLIC "-//W3C//DTD XHTML 1.0 Transitional//EN"
    "http://www.w3.org/TR/xhtml1/DTD/xhtml1-transitional.dtd">
<html xmlns="http://www.w3.org/1999/xhtml" xml:lang="en" lang="en">
 <head>
  <title>
</title>
<meta http-equiv="Content-Type" content="text/html;charset=utf-8" />
  <meta name='ocr-system' content='tesseract 3.04.00' />
  <meta name='ocr-capabilities' content='ocr_page ocr_carea ocr_par ocr_line ocrx_word'/>
</head>
<body>
  <div class='ocr_page' id='page_1' title='image "./institutionesiu01warngoog_0185.png"; bbox 0 0 3098 4966; ppageno 0'>
   <div class='ocr_carea' id='block_1_1' title="bbox 203 352 1081 411">
    <p class='ocr_par' dir='ltr' id='par_1_1' title="bbox 203 352 1081 411">
     <span class='ocr_line' id='line_1_1' title="bbox 203 352 1081 411; baseline -0.015 0"><span class='ocrx_word' id='word_1_1' title='bbox 203 352 256 411; x_wconf 79' lang='grc'><strong>166</strong></span> <span class='ocrx_word' id='word_1_2' title='bbox 523 355 723 400; x_wconf 76' lang='lat' dir='ltr'><strong>rrarrrurtono</strong></span> <span class='ocrx_word' id='word_1_3' title='bbox 745 358 819 400; x_wconf 78' lang='lat' dir='ltr'><strong>roan</strong></span> <span class='ocrx_word' id='word_1_4' title='bbox 838 357 942 400; x_wconf 76' lang='lat' dir='ltr'><strong>nonam</strong></span> <span class='ocrx_word' id='word_1_5' title='bbox 961 355 1081 399; x_wconf 74' lang='lat' dir='ltr'><strong>narrum.</strong></span> 
     </span>
    </p>
   </div>
   <div class='ocr_carea' id='block_1_2' title="bbox 204 467 1408 978">
    <p class='ocr_par' dir='ltr' id='par_1_2' title="bbox 204 467 1407 860">
     <span class='ocr_line' id='line_1_2' title="bbox 205 467 1405 572; baseline -0.008 -13"><span class='ocrx_word' id='word_1_6' title='bbox 205 495 351 560; x_wconf 84' lang='lat' dir='ltr'><strong>restricta</strong></span> <span class='ocrx_word' id='word_1_7' title='bbox 374 495 441 567; x_wconf 87' lang='lat' dir='ltr'><strong>est,</strong></span> <span class='ocrx_word' id='word_1_8' title='bbox 464 494 669 572; x_wconf 78' lang='lat' dir='ltr'><strong>cognatorum</strong></span> <span class='ocrx_word' id='word_1_9' title='bbox 693 486 875 570; x_wconf 80' lang='lat' dir='ltr'><strong>propiorem</strong></span> <span class='ocrx_word' id='word_1_10' title='bbox 898 491 931 552; x_wconf 94' lang='lat' dir='ltr'><strong>in</strong></span> <span class='ocrx_word' id='word_1_11' title='bbox 955 489 1113 567; x_wconf 78' lang='lat' dir='ltr'><strong>favorem,</strong></span> <span class='ocrx_word' id='word_1_12' title='bbox 1144 467 1258 572; x_wconf 83' lang='lat' dir='ltr'><strong>quibus</strong></span> <span class='ocrx_word' id='word_1_13' title='bbox 1288 495 1405 552; x_wconf 85' lang='lat' dir='ltr'><strong>cartam</strong></span> 
     </span>
     <span class='ocr_line' id='line_1_3' title="bbox 204 588 1407 676; baseline -0.005 -20"><span class='ocrx_word' id='word_1_14' title='bbox 204 593 358 656; x_wconf 89' lang='lat' dir='ltr'><strong>bonorum</strong></span> <span class='ocrx_word' id='word_1_15' title='bbox 383 589 559 676; x_wconf 83' lang='lat' dir='ltr'><strong>portionem</strong></span> <span class='ocrx_word' id='word_1_16' title='bbox 582 588 721 669; x_wconf 76' lang='lat' dir='ltr'>relinqui</span> <span class='ocrx_word' id='word_1_17' title='bbox 746 589 836 672; x_wconf 79' lang='lat' dir='ltr'><strong>leges</strong></span> <span class='ocrx_word' id='word_1_18' title='bbox 858 589 986 668; x_wconf 89' lang='lat' dir='ltr'><strong>iubent,</strong></span> <span class='ocrx_word' id='word_1_19' title='bbox 1016 589 1069 652; x_wconf 81' lang='lat' dir='ltr'><strong>vel</strong></span> <span class='ocrx_word' id='word_1_20' title='bbox 1093 607 1173 672; x_wconf 88' lang='lat' dir='ltr'><strong>quos</strong></span> <span class='ocrx_word' id='word_1_21' title='bbox 1195 590 1330 654; x_wconf 91' lang='lat' dir='ltr'><strong>heredes</strong></span> <span class='ocrx_word' id='word_1_22' title='bbox 1351 591 1407 651; x_wconf 89' lang='lat' dir='ltr'><strong>in-</strong></span> 
     </span>
     <span class='ocr_line' id='line_1_4' title="bbox 205 691 1407 774; baseline 0 -18"><span class='ocrx_word' id='word_1_23' title='bbox 205 693 292 756; x_wconf 89' lang='lat' dir='ltr'><strong>stitui</strong></span> <span class='ocrx_word' id='word_1_24' title='bbox 314 692 441 770; x_wconf 68' lang='lat' dir='ltr'><strong>volunt,</strong></span> <span class='ocrx_word' id='word_1_25' title='bbox 466 691 556 752; x_wconf 91' lang='lat' dir='ltr'><strong>cuius</strong></span> <span class='ocrx_word' id='word_1_26' title='bbox 578 692 657 753; x_wconf 91' lang='lat' dir='ltr'><strong>iuris</strong></span> <span class='ocrx_word' id='word_1_27' title='bbox 677 692 781 774; x_wconf 76' lang='lat' dir='ltr'><strong>origo,</strong></span> <span class='ocrx_word' id='word_1_28' title='bbox 804 693 854 754; x_wconf 86' lang='lat' dir='ltr'><strong>vis</strong></span> <span class='ocrx_word' id='word_1_29' title='bbox 877 697 973 772; x_wconf 86' lang='lat' dir='ltr'><strong>atque</strong></span> <span class='ocrx_word' id='word_1_30' title='bbox 994 697 1105 756; x_wconf 86' lang='lat' dir='ltr'><strong>natura</strong></span> <span class='ocrx_word' id='word_1_31' title='bbox 1128 692 1280 757; x_wconf 90' lang='lat' dir='ltr'><strong>hocloco</strong></span> <span class='ocrx_word' id='word_1_32' title='bbox 1303 707 1407 774; x_wconf 81' lang='lat' dir='ltr'><strong>expo-</strong></span> 
     </span>
     <span class='ocr_line' id='line_1_5' title="bbox 206 795 1222 860; baseline -0.008 0"><span class='ocrx_word' id='word_1_33' title='bbox 206 795 319 860; x_wconf 81' lang='lat' dir='ltr'><strong>nendae</strong></span> <span class='ocrx_word' id='word_1_34' title='bbox 340 797 424 856; x_wconf 82' lang='lat' dir='ltr'><strong>sunt.</strong></span> <span class='ocrx_word' id='word_1_35' title='bbox 1219 819 1222 824; x_wconf 94' lang='lat'>·</span> 
     </span>
    </p>

    <p class='ocr_par' dir='ltr' id='par_1_3' title="bbox 247 889 1408 978">
     <span class='ocr_line' id='line_1_6' title="bbox 247 889 1408 978; baseline -0.005 -18"><span class='ocrx_word' id='word_1_36' title='bbox 247 893 364 978; x_wconf 72' lang='lat' dir='ltr'><strong>§.ccc</strong></span> <span class='ocrx_word' id='word_1_37' title='bbox 407 891 474 954; x_wconf 84' lang='lat' dir='ltr'><strong>hex</strong></span> <span class='ocrx_word' id='word_1_38' title='bbox 495 889 660 954; x_wconf 83' lang='lat' dir='ltr'><strong>duodecim</strong></span> <span class='ocrx_word' id='word_1_39' title='bbox 683 890 870 959; x_wconf 85' lang='lat' dir='ltr'><strong>Tabularum</strong></span> <span class='ocrx_word' id='word_1_40' title='bbox 892 891 1008 956; x_wconf 87' lang='lat' dir='ltr'><strong>nullam</strong></span> <span class='ocrx_word' id='word_1_41' title='bbox 1037 895 1259 956; x_wconf 88' lang='lat' dir='ltr'><strong>necessitatem</strong></span> <span class='ocrx_word' id='word_1_42' title='bbox 1282 897 1408 955; x_wconf 64' lang='lat' dir='ltr'><strong>testam</strong></span> 
     </span>
    </p>
   </div>
   <div class='ocr_carea' id='block_1_3' title="bbox 205 991 1522 1076">
    <p class='ocr_par' dir='ltr' id='par_1_4' title="bbox 205 991 1522 1076">
     <span class='ocr_line' id='line_1_7' title="bbox 205 991 1522 1076; baseline -0.008 -16"><span class='ocrx_word' id='word_1_43' title='bbox 205 997 289 1060; x_wconf 83' lang='lat' dir='ltr'><strong>tibus</strong></span> <span class='ocrx_word' id='word_1_44' title='bbox 313 997 517 1076; x_wconf 82' lang='lat' dir='ltr'><strong>imposuerat,</strong></span> <span class='ocrx_word' id='word_1_45' title='bbox 540 1011 644 1074; x_wconf 88' lang='lat' dir='ltr'><strong>nequo</strong></span> <span class='ocrx_word' id='word_1_46' title='bbox 665 993 801 1056; x_wconf 85' lang='lat' dir='ltr'><strong>herodes</strong></span> <span class='ocrx_word' id='word_1_47' title='bbox 823 991 1007 1058; x_wconf 88' lang='lat' dir='ltr'><strong>instituendi</strong></span> <span class='ocrx_word' id='word_1_48' title='bbox 1030 1001 1134 1058; x_wconf 86' lang='lat' dir='ltr'><strong>certas</strong></span> <span class='ocrx_word' id='word_1_49' title='bbox 1156 1005 1322 1076; x_wconf 79' lang='lat' dir='ltr'><strong>personas,</strong></span> <span class='ocrx_word' id='word_1_50' title='bbox 1344 1009 1408 1056; x_wconf 87' lang='lat' dir='ltr'><strong>ne·</strong></span> <span class='ocrx_word' id='word_1_51' title='bbox 1521 1047 1522 1050; x_wconf 74' lang='grc'>,</span> 
     </span>
    </p>
   </div>
   <div class='ocr_carea' id='block_1_4' title="bbox 205 1087 1408 1182">
    <p class='ocr_par' dir='ltr' id='par_1_5' title="bbox 205 1087 1408 1182">
     <span class='ocr_line' id='line_1_8' title="bbox 205 1087 1408 1182; baseline -0.002 -24"><span class='ocrx_word' id='word_1_52' title='bbox 205 1113 267 1179; x_wconf 83' lang='lat' dir='ltr'><strong>que</strong></span> <span class='ocrx_word' id='word_1_53' title='bbox 293 1098 333 1158; x_wconf 88' lang='lat' dir='ltr'><strong>iis</strong></span> <span class='ocrx_word' id='word_1_54' title='bbox 355 1095 526 1175; x_wconf 74' lang='lat' dir='ltr'><strong>quidquam</strong></span> <span class='ocrx_word' id='word_1_55' title='bbox 549 1096 582 1156; x_wconf 95' lang='lat' dir='ltr'><strong>in</strong></span> <span class='ocrx_word' id='word_1_56' title='bbox 605 1095 799 1157; x_wconf 78' lang='lat' dir='ltr'><strong>testamentis</strong></span> <span class='ocrx_word' id='word_1_57' title='bbox 822 1095 1022 1176; x_wconf 85' lang='lat' dir='ltr'><strong>relinquendi</strong></span> <span class='ocrx_word' id='word_1_58' title='bbox 1036 1095 1081 1182; x_wconf 77' lang='grc'><strong>1);</strong></span> <span class='ocrx_word' id='word_1_59' title='bbox 1106 1109 1292 1176; x_wconf 85' lang='lat' dir='ltr'><strong>quamquam</strong></span> <span class='ocrx_word' id='word_1_60' title='bbox 1312 1087 1408 1156; x_wconf 91' lang='lat' dir='ltr'><strong>liberi</strong></span> 
     </span>
    </p>
   </div>
   <div class='ocr_carea' id='block_1_5' title="bbox 206 1195 1524 1286">
    <p class='ocr_par' dir='ltr' id='par_1_6' title="bbox 206 1195 1524 1286">
     <span class='ocr_line' id='line_1_9' title="bbox 206 1195 1524 1286; baseline -0.002 -25"><span class='ocrx_word' id='word_1_61' title='bbox 206 1198 264 1262; x_wconf 87' lang='lat' dir='ltr'><strong>sub</strong></span> <span class='ocrx_word' id='word_1_62' title='bbox 286 1197 424 1278; x_wconf 90' lang='lat' dir='ltr'><strong>parentis</strong></span> <span class='ocrx_word' id='word_1_63' title='bbox 445 1201 601 1276; x_wconf 80' lang='lat' dir='ltr'><strong>potestate</strong></span> <span class='ocrx_word' id='word_1_64' title='bbox 622 1195 784 1258; x_wconf 86' lang='lat' dir='ltr'><strong>constituti</strong></span> <span class='ocrx_word' id='word_1_65' title='bbox 804 1195 939 1258; x_wconf 88' lang='lat' dir='ltr'><strong>naturali</strong></span> <span class='ocrx_word' id='word_1_66' title='bbox 962 1197 1032 1258; x_wconf 92' lang='lat' dir='ltr'><strong>iure</strong></span> <span class='ocrx_word' id='word_1_67' title='bbox 1053 1195 1091 1258; x_wconf 90' lang='lat' dir='ltr'><strong>ad</strong></span> <span class='ocrx_word' id='word_1_68' title='bbox 1113 1197 1182 1257; x_wconf 91' lang='lat' dir='ltr'><strong>eius</strong></span> <span class='ocrx_word' id='word_1_69' title='bbox 1202 1195 1283 1258; x_wconf 92' lang='lat' dir='ltr'><strong>bona</strong></span> <span class='ocrx_word' id='word_1_70' title='bbox 1302 1195 1409 1258; x_wconf 84' lang='lat' dir='ltr'><strong>vocati</strong></span> <span class='ocrx_word' id='word_1_71' title='bbox 1523 1223 1524 1286; x_wconf 67' lang='lat'><em>}</em></span> 
     </span>
    </p>
   </div>
   <div class='ocr_carea' id='block_1_6' title="bbox 203 1275 1408 1788">
    <p class='ocr_par' dir='ltr' id='par_1_7' title="bbox 203 1275 1408 1788">
     <span class='ocr_line' id='line_1_10' title="bbox 206 1275 1408 1378; baseline -0.001 -17"><span class='ocrx_word' id='word_1_72' title='bbox 206 1315 280 1362; x_wconf 91' lang='lat' dir='ltr'><strong>esse</strong></span> <span class='ocrx_word' id='word_1_73' title='bbox 301 1297 509 1360; x_wconf 80' lang='lat' dir='ltr'><strong>crederentur</strong></span> <span class='ocrx_word' id='word_1_74' title='bbox 532 1302 563 1358; x_wconf 91' lang='lat' dir='ltr'><strong>et</strong></span> <span class='ocrx_word' id='word_1_75' title='bbox 584 1298 633 1359; x_wconf 91' lang='lat' dir='ltr'><strong>sui</strong></span> <span class='ocrx_word' id='word_1_76' title='bbox 659 1297 796 1369; x_wconf 77' lang='lat' dir='ltr'><strong>heredes</strong></span> <span class='ocrx_word' id='word_1_77' title='bbox 811 1275 1019 1374; x_wconf 84' lang='lat' dir='ltr'><strong>dicerentur,</strong></span> <span class='ocrx_word' id='word_1_78' title='bbox 1053 1315 1090 1360; x_wconf 84' lang='lat' dir='ltr'><strong>ac</strong></span> <span class='ocrx_word' id='word_1_79' title='bbox 1119 1298 1200 1378; x_wconf 83' lang='lat' dir='ltr'><strong>patri</strong></span> <span class='ocrx_word' id='word_1_80' title='bbox 1223 1298 1408 1360; x_wconf 80' lang='lat' dir='ltr'><strong>necessario</strong></span> 
     </span>
     <span class='ocr_line' id='line_1_11' title="bbox 205 1393 1407 1483; baseline -0.001 -22"><span class='ocrx_word' id='word_1_81' title='bbox 205 1399 242 1461; x_wconf 94' lang='lat' dir='ltr'><strong>ab</strong></span> <span class='ocrx_word' id='word_1_82' title='bbox 266 1399 414 1459; x_wconf 88' lang='lat' dir='ltr'><strong>intestato</strong></span> <span class='ocrx_word' id='word_1_83' title='bbox 436 1395 696 1483; x_wconf 66' lang='lat' dir='ltr'><strong>succederent).</strong></span> <span class='ocrx_word' id='word_1_84' title='bbox 749 1395 825 1457; x_wconf 79' lang='lat' dir='ltr'><strong>Cum</strong></span> <span class='ocrx_word' id='word_1_85' title='bbox 855 1399 955 1479; x_wconf 83' lang='lat' dir='ltr'><strong>igitur</strong></span> <span class='ocrx_word' id='word_1_86' title='bbox 976 1399 1074 1478; x_wconf 85' lang='lat' dir='ltr'><strong>patris</strong></span> <span class='ocrx_word' id='word_1_87' title='bbox 1104 1398 1224 1461; x_wconf 86' lang='lat' dir='ltr'><strong>incerta</strong></span> <span class='ocrx_word' id='word_1_88' title='bbox 1256 1401 1289 1460; x_wconf 85' lang='lat' dir='ltr'><strong>et</strong></span> <span class='ocrx_word' id='word_1_89' title='bbox 1311 1393 1407 1462; x_wconf 92' lang='lat' dir='ltr'><strong>dubia</strong></span> 
     </span>
     <span class='ocr_line' id='line_1_12' title="bbox 203 1495 1408 1580; baseline 0 -20"><span class='ocrx_word' id='word_1_90' title='bbox 203 1503 289 1561; x_wconf 84' lang='lat' dir='ltr'><strong>esset</strong></span> <span class='ocrx_word' id='word_1_91' title='bbox 313 1495 471 1575; x_wconf 89' lang='lat' dir='ltr'><strong>voluntas,</strong></span> <span class='ocrx_word' id='word_1_92' title='bbox 496 1499 620 1580; x_wconf 89' lang='lat' dir='ltr'><strong>quando</strong></span> <span class='ocrx_word' id='word_1_93' title='bbox 648 1499 776 1562; x_wconf 90' lang='lat' dir='ltr'><strong>silentio</strong></span> <span class='ocrx_word' id='word_1_94' title='bbox 798 1517 874 1562; x_wconf 93' lang='lat' dir='ltr'><strong>suos</strong></span> <span class='ocrx_word' id='word_1_95' title='bbox 896 1500 1031 1563; x_wconf 89' lang='lat' dir='ltr'><strong>heredes</strong></span> <span class='ocrx_word' id='word_1_96' title='bbox 1062 1501 1221 1563; x_wconf 87' lang='lat' dir='ltr'><strong>omitteret</strong></span> <span class='ocrx_word' id='word_1_97' title='bbox 1243 1501 1408 1580; x_wconf 83' lang='lat' dir='ltr'><strong>interpro-</strong></span> 
     </span>
     <span class='ocr_line' id='line_1_13' title="bbox 205 1599 1408 1678; baseline -0.001 -16"><span class='ocrx_word' id='word_1_98' title='bbox 205 1601 323 1662; x_wconf 80' lang='lat' dir='ltr'><strong>tatione</strong></span> <span class='ocrx_word' id='word_1_99' title='bbox 346 1599 507 1664; x_wconf 92' lang='lat' dir='ltr'><strong>inductum</strong></span> <span class='ocrx_word' id='word_1_100' title='bbox 529 1607 598 1678; x_wconf 89' lang='lat' dir='ltr'><strong>est,</strong></span> <span class='ocrx_word' id='word_1_101' title='bbox 624 1608 658 1664; x_wconf 92' lang='lat' dir='ltr'><strong>ut</strong></span> <span class='ocrx_word' id='word_1_102' title='bbox 680 1605 729 1664; x_wconf 92' lang='lat' dir='ltr'><strong>sui</strong></span> <span class='ocrx_word' id='word_1_103' title='bbox 751 1603 887 1665; x_wconf 82' lang='lat' dir='ltr'><strong>heredes</strong></span> <span class='ocrx_word' id='word_1_104' title='bbox 910 1609 964 1665; x_wconf 87' lang='lat' dir='ltr'><strong>aut</strong></span> <span class='ocrx_word' id='word_1_105' title='bbox 984 1600 1170 1665; x_wconf 89' lang='lat' dir='ltr'><strong>instituendi</strong></span> <span class='ocrx_word' id='word_1_106' title='bbox 1191 1607 1245 1663; x_wconf 87' lang='lat' dir='ltr'><strong>aut</strong></span> <span class='ocrx_word' id='word_1_107' title='bbox 1266 1601 1408 1662; x_wconf 85' lang='lat' dir='ltr'><strong>exhere-</strong></span> 
     </span>
     <span class='ocr_line' id='line_1_14' title="bbox 205 1699 1162 1788; baseline -0.001 -26"><span class='ocrx_word' id='word_1_108' title='bbox 205 1699 299 1764; x_wconf 81' lang='lat' dir='ltr'><strong>dandi</strong></span> <span class='ocrx_word' id='word_1_109' title='bbox 322 1706 440 1777; x_wconf 86' lang='lat' dir='ltr'><strong>essent,</strong></span> <span class='ocrx_word' id='word_1_110' title='bbox 463 1717 567 1781; x_wconf 89' lang='lat' dir='ltr'><strong>neque</strong></span> <span class='ocrx_word' id='word_1_111' title='bbox 588 1703 715 1764; x_wconf 88' lang='lat' dir='ltr'><strong>silentio</strong></span> <span class='ocrx_word' id='word_1_112' title='bbox 738 1703 901 1783; x_wconf 72' lang='lat' dir='ltr'><strong>preterire</strong></span> <span class='ocrx_word' id='word_1_113' title='bbox 923 1720 978 1765; x_wconf 87' lang='lat' dir='ltr'><strong>eos</strong></span> <span class='ocrx_word' id='word_1_114' title='bbox 1001 1703 1114 1765; x_wconf 90' lang='lat' dir='ltr'><strong>liceret</strong></span> <span class='ocrx_word' id='word_1_115' title='bbox 1123 1701 1162 1788; x_wconf 80' lang='lat'><strong>⁸).</strong></span> 
     </span>
    </p>
   </div>
   <div class='ocr_carea' id='block_1_7' title="bbox 207 1801 1407 1965">
    <p class='ocr_par' dir='ltr' id='par_1_8' title="bbox 207 1801 1407 1965">
     <span class='ocr_line' id='line_1_15' title="bbox 248 1801 1406 1884; baseline -0.002 -16"><span class='ocrx_word' id='word_1_116' title='bbox 248 1801 278 1884; x_wconf 62' lang='grc' dir='ltr'><strong>ἕ.</strong></span> <span class='ocrx_word' id='word_1_117' title='bbox 289 1801 362 1868; x_wconf 82' lang='grc'><strong>586.</strong></span> <span class='ocrx_word' id='word_1_118' title='bbox 407 1801 446 1863; x_wconf 87' lang='lat' dir='ltr'><strong>Et</strong></span> <span class='ocrx_word' id='word_1_119' title='bbox 469 1802 594 1882; x_wconf 85' lang='lat' dir='ltr'><strong>quidem</strong></span> <span class='ocrx_word' id='word_1_120' title='bbox 617 1804 748 1866; x_wconf 90' lang='lat' dir='ltr'><strong>hocius</strong></span> <span class='ocrx_word' id='word_1_121' title='bbox 772 1805 814 1866; x_wconf 87' lang='lat' dir='ltr'><strong>ita</strong></span> <span class='ocrx_word' id='word_1_122' title='bbox 837 1803 1014 1867; x_wconf 89' lang='lat' dir='ltr'><strong>ordinatum</strong></span> <span class='ocrx_word' id='word_1_123' title='bbox 1038 1809 1107 1880; x_wconf 89' lang='lat' dir='ltr'><strong>est,</strong></span> <span class='ocrx_word' id='word_1_124' title='bbox 1132 1808 1167 1863; x_wconf 93' lang='lat' dir='ltr'><strong>ut</strong></span> <span class='ocrx_word' id='word_1_125' title='bbox 1189 1801 1285 1864; x_wconf 89' lang='lat' dir='ltr'><strong>lilium</strong></span> <span class='ocrx_word' id='word_1_126' title='bbox 1314 1815 1406 1866; x_wconf 81' lang='lat' dir='ltr'><strong>sunm</strong></span> 
     </span>
     <span class='ocr_line' id='line_1_16' title="bbox 207 1901 1407 1965; baseline 0 -1"><span class='ocrx_word' id='word_1_127' title='bbox 207 1901 357 1964; x_wconf 88' lang='lat' dir='ltr'><strong>heredem</strong></span> <span class='ocrx_word' id='word_1_128' title='bbox 381 1901 605 1965; x_wconf 91' lang='lat' dir='ltr'><strong>instituendum</strong></span> <span class='ocrx_word' id='word_1_129' title='bbox 629 1903 679 1964; x_wconf 85' lang='lat' dir='ltr'><strong>vel</strong></span> <span class='ocrx_word' id='word_1_130' title='bbox 701 1903 879 1965; x_wconf 76' lang='lat' dir='ltr'><strong>nominatim</strong></span> <span class='ocrx_word' id='word_1_131' title='bbox 901 1903 1157 1965; x_wconf 87' lang='lat' dir='ltr'><strong>exheredandum</strong></span> <span class='ocrx_word' id='word_1_132' title='bbox 1182 1915 1254 1965; x_wconf 83' lang='lat' dir='ltr'><strong>esse</strong></span> <span class='ocrx_word' id='word_1_133' title='bbox 1272 1903 1407 1965; x_wconf 87' lang='lat' dir='ltr'><strong>iubere-</strong></span> 
     </span>
    </p>
   </div>
   <div class='ocr_carea' id='block_1_8' title="bbox 204 2001 1408 2287">
    <p class='ocr_par' dir='ltr' id='par_1_9' title="bbox 204 2001 1408 2287">
     <span class='ocr_line' id='line_1_17' title="bbox 204 2001 1407 2092; baseline 0.004 -29"><span class='ocrx_word' id='word_1_134' title='bbox 204 2009 273 2078; x_wconf 84' lang='lat' dir='ltr'><strong>tur3</strong></span> <span class='ocrx_word' id='word_1_135' title='bbox 311 2019 415 2082; x_wconf 86' lang='lat' dir='ltr'><strong>coque</strong></span> <span class='ocrx_word' id='word_1_136' title='bbox 442 2006 604 2084; x_wconf 75' lang='lat' dir='ltr'><strong>preterito</strong></span> <span class='ocrx_word' id='word_1_137' title='bbox 633 2009 851 2067; x_wconf 88' lang='lat' dir='ltr'><strong>testamentum</strong></span> <span class='ocrx_word' id='word_1_138' title='bbox 879 2005 992 2067; x_wconf 88' lang='lat' dir='ltr'><strong>inutile</strong></span> <span class='ocrx_word' id='word_1_139' title='bbox 1021 2005 1243 2092; x_wconf 78' lang='lat' dir='ltr'><strong>naberetar⁴).</strong></span> <span class='ocrx_word' id='word_1_140' title='bbox 1288 2005 1321 2070; x_wconf 85' lang='lat' dir='ltr'><strong>si</strong></span> <span class='ocrx_word' id='word_1_141' title='bbox 1343 2001 1407 2068; x_wconf 84' lang='lat' dir='ltr'><strong>ntia</strong></span> 
     </span>
     <span class='ocr_line' id='line_1_18' title="bbox 206 2102 1408 2187; baseline 0.002 -22"><span class='ocrx_word' id='word_1_142' title='bbox 206 2119 263 2166; x_wconf 85' lang='lat' dir='ltr'><strong>sua</strong></span> <span class='ocrx_word' id='word_1_143' title='bbox 285 2103 380 2166; x_wconf 91' lang='lat' dir='ltr'><strong>heres</strong></span> <span class='ocrx_word' id='word_1_144' title='bbox 403 2102 455 2165; x_wconf 89' lang='lat' dir='ltr'><strong>vel</strong></span> <span class='ocrx_word' id='word_1_145' title='bbox 477 2110 609 2183; x_wconf 87' lang='lat' dir='ltr'><strong>nepotes</strong></span> <span class='ocrx_word' id='word_1_146' title='bbox 629 2111 794 2187; x_wconf 83' lang='lat' dir='ltr'><strong>neptesve,</strong></span> <span class='ocrx_word' id='word_1_147' title='bbox 820 2121 899 2186; x_wconf 89' lang='lat' dir='ltr'><strong>quos</strong></span> <span class='ocrx_word' id='word_1_148' title='bbox 922 2111 953 2168; x_wconf 92' lang='lat' dir='ltr'><strong>et</strong></span> <span class='ocrx_word' id='word_1_149' title='bbox 974 2108 1057 2168; x_wconf 93' lang='lat' dir='ltr'><strong>inter</strong></span> <span class='ocrx_word' id='word_1_150' title='bbox 1068 2111 1193 2168; x_wconf 89' lang='lat' dir='ltr'><strong>ceteros</strong></span> <span class='ocrx_word' id='word_1_151' title='bbox 1209 2104 1408 2168; x_wconf 87' lang='lat' dir='ltr'><strong>exheredare</strong></span> 
     </span>
     <span class='ocr_line' id='line_1_19' title="bbox 204 2204 1408 2287; baseline 0 -19"><span class='ocrx_word' id='word_1_152' title='bbox 204 2204 391 2282; x_wconf 89' lang='lat' dir='ltr'><strong>sullioiebat,</strong></span> <span class='ocrx_word' id='word_1_153' title='bbox 417 2212 525 2267; x_wconf 87' lang='lat' dir='ltr'><strong>essent</strong></span> <span class='ocrx_word' id='word_1_154' title='bbox 547 2207 666 2283; x_wconf 91' lang='lat' dir='ltr'><strong>omissi,</strong></span> <span class='ocrx_word' id='word_1_155' title='bbox 689 2208 832 2287; x_wconf 88' lang='lat' dir='ltr'><strong>quamvls</strong></span> <span class='ocrx_word' id='word_1_156' title='bbox 853 2209 1038 2270; x_wconf 89' lang='lat' dir='ltr'><strong>testamenta</strong></span> <span class='ocrx_word' id='word_1_157' title='bbox 1058 2205 1214 2282; x_wconf 88' lang='lat' dir='ltr'><strong>valerent,</strong></span> <span class='ocrx_word' id='word_1_158' title='bbox 1239 2207 1408 2286; x_wconf 70' lang='lat' dir='ltr'><strong>praeterltm</strong></span> 
     </span>
    </p>
   </div>
   <div class='ocr_carea' id='block_1_9' title="bbox 206 2303 1510 2387">
    <p class='ocr_par' dir='ltr' id='par_1_10' title="bbox 206 2303 1510 2387">
     <span class='ocr_line' id='line_1_20' title="bbox 206 2303 1510 2387; baseline 0.002 -22"><span class='ocrx_word' id='word_1_159' title='bbox 206 2309 309 2366; x_wconf 88' lang='lat' dir='ltr'><strong>tamen</strong></span> <span class='ocrx_word' id='word_1_160' title='bbox 338 2321 484 2384; x_wconf 77' lang='lat' dir='ltr'><strong>persone</strong></span> <span class='ocrx_word' id='word_1_161' title='bbox 517 2307 644 2386; x_wconf 89' lang='lat' dir='ltr'><strong>scriptis</strong></span> <span class='ocrx_word' id='word_1_162' title='bbox 673 2303 863 2382; x_wconf 89' lang='lat' dir='ltr'><strong>heredibus,</strong></span> <span class='ocrx_word' id='word_1_163' title='bbox 895 2305 1027 2387; x_wconf 88' lang='lat' dir='ltr'><strong>perinde</strong></span> <span class='ocrx_word' id='word_1_164' title='bbox 1057 2323 1094 2368; x_wconf 85' lang='lat' dir='ltr'><strong>ao</strong></span> <span class='ocrx_word' id='word_1_165' title='bbox 1115 2307 1143 2367; x_wconf 93' lang='lat' dir='ltr'><strong>si</strong></span> <span class='ocrx_word' id='word_1_166' title='bbox 1164 2305 1197 2367; x_wconf 90' lang='lat' dir='ltr'><strong>in</strong></span> <span class='ocrx_word' id='word_1_167' title='bbox 1220 2311 1407 2369; x_wconf 86' lang='lat' dir='ltr'><strong>testamento</strong></span> <span class='ocrx_word' id='word_1_168' title='bbox 1506 2340 1510 2346; x_wconf 94' lang='lat'>·</span> 
     </span>
    </p>
   </div>
   <div class='ocr_carea' id='block_1_10' title="bbox 203 2403 1407 3797">
    <p class='ocr_par' dir='ltr' id='par_1_11' title="bbox 204 2403 817 2492">
     <span class='ocr_line' id='line_1_21' title="bbox 204 2403 817 2492; baseline -0.002 -24"><span class='ocrx_word' id='word_1_169' title='bbox 204 2405 356 2468; x_wconf 78' lang='lat' dir='ltr'><strong>institute</strong></span> <span class='ocrx_word' id='word_1_170' title='bbox 375 2403 521 2482; x_wconf 86' lang='lat' dir='ltr'><strong>luissent,</strong></span> <span class='ocrx_word' id='word_1_171' title='bbox 544 2406 767 2468; x_wconf 87' lang='lat' dir='ltr'><strong>accrescebant</strong></span> <span class='ocrx_word' id='word_1_172' title='bbox 779 2406 817 2492; x_wconf 74' lang='grc'><strong>5).</strong></span> 
     </span>
    </p>

    <p class='ocr_par' dir='ltr' id='par_1_12' title="bbox 203 2499 1406 3098">
     <span class='ocr_line' id='line_1_22' title="bbox 246 2499 1406 2589; baseline 0.001 -22"><span class='ocrx_word' id='word_1_173' title='bbox 246 2505 430 2570; x_wconf 89' lang='lat' dir='ltr'><strong>Postbumos</strong></span> <span class='ocrx_word' id='word_1_174' title='bbox 453 2523 591 2586; x_wconf 84' lang='lat' dir='ltr'><strong>quoque,</strong></span> <span class='ocrx_word' id='word_1_175' title='bbox 615 2509 711 2570; x_wconf 88' lang='lat' dir='ltr'><strong>sisui</strong></span> <span class='ocrx_word' id='word_1_176' title='bbox 733 2499 869 2570; x_wconf 72' lang='lat' dir='ltr'><strong>herodes</strong></span> <span class='ocrx_word' id='word_1_177' title='bbox 897 2512 1004 2572; x_wconf 87' lang='lat' dir='ltr'><strong>essent</strong></span> <span class='ocrx_word' id='word_1_178' title='bbox 1026 2506 1135 2584; x_wconf 84' lang='lat' dir='ltr'><strong>loturi,</strong></span> <span class='ocrx_word' id='word_1_179' title='bbox 1158 2509 1323 2589; x_wconf 79' lang='lat' dir='ltr'><strong>praeterire</strong></span> <span class='ocrx_word' id='word_1_180' title='bbox 1346 2521 1406 2588; x_wconf 88' lang='lat' dir='ltr'><strong>pa-</strong></span> 
     </span>
     <span class='ocr_line' id='line_1_23' title="bbox 204 2606 1406 2687; baseline -0.002 -15"><span class='ocrx_word' id='word_1_181' title='bbox 204 2610 245 2672; x_wconf 90' lang='lat' dir='ltr'><strong>tri</strong></span> <span class='ocrx_word' id='word_1_182' title='bbox 269 2627 341 2681; x_wconf 84' lang='lat' dir='ltr'><strong>mox</strong></span> <span class='ocrx_word' id='word_1_183' title='bbox 364 2625 426 2670; x_wconf 94' lang='lat' dir='ltr'><strong>non</strong></span> <span class='ocrx_word' id='word_1_184' title='bbox 450 2606 580 2681; x_wconf 86' lang='lat' dir='ltr'><strong>licebat;</strong></span> <span class='ocrx_word' id='word_1_185' title='bbox 615 2625 712 2687; x_wconf 89' lang='lat' dir='ltr'><strong>quare</strong></span> <span class='ocrx_word' id='word_1_186' title='bbox 734 2612 765 2668; x_wconf 95' lang='lat' dir='ltr'><strong>et</strong></span> <span class='ocrx_word' id='word_1_187' title='bbox 788 2607 848 2687; x_wconf 90' lang='lat' dir='ltr'><strong>ipsi</strong></span> <span class='ocrx_word' id='word_1_188' title='bbox 869 2612 960 2669; x_wconf 91' lang='lat' dir='ltr'><strong>erant</strong></span> <span class='ocrx_word' id='word_1_189' title='bbox 984 2607 1170 2670; x_wconf 89' lang='lat' dir='ltr'><strong>instituendi</strong></span> <span class='ocrx_word' id='word_1_190' title='bbox 1191 2612 1245 2669; x_wconf 90' lang='lat' dir='ltr'><strong>aut</strong></span> <span class='ocrx_word' id='word_1_191' title='bbox 1266 2607 1406 2669; x_wconf 83' lang='lat' dir='ltr'><strong>exhere-</strong></span> 
     </span>
     <span class='ocr_line' id='line_1_24' title="bbox 204 2708 1406 2790; baseline -0.005 -16"><span class='ocrx_word' id='word_1_192' title='bbox 204 2711 315 2786; x_wconf 90' lang='lat' dir='ltr'><strong>dandi,</strong></span> <span class='ocrx_word' id='word_1_193' title='bbox 347 2708 429 2770; x_wconf 84' lang='lat' dir='ltr'><strong>filius</strong></span> <span class='ocrx_word' id='word_1_194' title='bbox 453 2708 578 2789; x_wconf 82' lang='lat' dir='ltr'><strong>quidem</strong></span> <span class='ocrx_word' id='word_1_195' title='bbox 604 2710 808 2790; x_wconf 86' lang='lat' dir='ltr'><strong>posthumus,</strong></span> <span class='ocrx_word' id='word_1_196' title='bbox 844 2711 897 2790; x_wconf 90' lang='lat' dir='ltr'><strong>qui</strong></span> <span class='ocrx_word' id='word_1_197' title='bbox 921 2727 998 2772; x_wconf 90' lang='lat' dir='ltr'><strong>suus</strong></span> <span class='ocrx_word' id='word_1_198' title='bbox 1029 2710 1122 2773; x_wconf 90' lang='lat' dir='ltr'><strong>heres</strong></span> <span class='ocrx_word' id='word_1_199' title='bbox 1156 2709 1281 2771; x_wconf 83' lang='lat' dir='ltr'><strong>futurus</strong></span> <span class='ocrx_word' id='word_1_200' title='bbox 1308 2714 1406 2784; x_wconf 90' lang='lat' dir='ltr'><strong>esset,</strong></span> 
     </span>
     <span class='ocr_line' id='line_1_25' title="bbox 204 2805 1406 2892; baseline -0.006 -18"><span class='ocrx_word' id='word_1_201' title='bbox 204 2811 400 2886; x_wconf 87' lang='lat' dir='ltr'><strong>nominatim,</strong></span> <span class='ocrx_word' id='word_1_202' title='bbox 434 2807 550 2889; x_wconf 87' lang='lat' dir='ltr'><strong>reliqui</strong></span> <span class='ocrx_word' id='word_1_203' title='bbox 570 2809 727 2892; x_wconf 89' lang='lat' dir='ltr'><strong>posthumi</strong></span> <span class='ocrx_word' id='word_1_204' title='bbox 753 2807 806 2873; x_wconf 90' lang='lat' dir='ltr'><strong>vel</strong></span> <span class='ocrx_word' id='word_1_205' title='bbox 830 2811 912 2872; x_wconf 85' lang='lat' dir='ltr'><strong>inter</strong></span> <span class='ocrx_word' id='word_1_206' title='bbox 937 2813 1088 2886; x_wconf 84' lang='lat' dir='ltr'><strong>caeteros,</strong></span> <span class='ocrx_word' id='word_1_207' title='bbox 1112 2807 1278 2872; x_wconf 92' lang='lat' dir='ltr'><strong>dummodo</strong></span> <span class='ocrx_word' id='word_1_208' title='bbox 1301 2805 1406 2889; x_wconf 76' lang='lat' dir='ltr'><strong>legata</strong></span> 
     </span>
     <span class='ocr_line' id='line_1_26' title="bbox 204 2909 1402 2994; baseline -0.006 -20"><span class='ocrx_word' id='word_1_209' title='bbox 204 2913 244 2975; x_wconf 89' lang='lat' dir='ltr'><strong>iis</strong></span> <span class='ocrx_word' id='word_1_210' title='bbox 263 2909 541 2991; x_wconf 80' lang='lat' dir='ltr'><strong>relinquerentur,</strong></span> <span class='ocrx_word' id='word_1_211' title='bbox 569 2917 602 2971; x_wconf 91' lang='lat' dir='ltr'><strong>ut</strong></span> <span class='ocrx_word' id='word_1_212' title='bbox 625 2913 807 2977; x_wconf 88' lang='lat' dir='ltr'><strong>testatorem</strong></span> <span class='ocrx_word' id='word_1_213' title='bbox 832 2911 872 2976; x_wconf 87' lang='lat' dir='ltr'><strong>de</strong></span> <span class='ocrx_word' id='word_1_214' title='bbox 893 2909 957 2976; x_wconf 89' lang='lat' dir='ltr'><strong>illis</strong></span> <span class='ocrx_word' id='word_1_215' title='bbox 979 2912 1139 2994; x_wconf 85' lang='lat' dir='ltr'><strong>cogitasse</strong></span> <span class='ocrx_word' id='word_1_216' title='bbox 1161 2911 1280 2973; x_wconf 91' lang='lat' dir='ltr'><strong>certum</strong></span> <span class='ocrx_word' id='word_1_217' title='bbox 1304 2911 1402 2972; x_wconf 87' lang='lat' dir='ltr'><strong>esset.</strong></span> 
     </span>
     <span class='ocr_line' id='line_1_27' title="bbox 203 3011 1010 3098; baseline -0.005 -24"><span class='ocrx_word' id='word_1_218' title='bbox 203 3012 317 3074; x_wconf 88' lang='lat' dir='ltr'><strong>Omissi</strong></span> <span class='ocrx_word' id='word_1_219' title='bbox 339 3015 557 3073; x_wconf 88' lang='lat' dir='ltr'><strong>testamentum</strong></span> <span class='ocrx_word' id='word_1_220' title='bbox 580 3011 767 3091; x_wconf 87' lang='lat' dir='ltr'><strong>rumpebant</strong></span> <span class='ocrx_word' id='word_1_221' title='bbox 790 3013 959 3093; x_wconf 86' lang='lat' dir='ltr'><strong>agnatione</strong></span> <span class='ocrx_word' id='word_1_222' title='bbox 969 3012 1010 3098; x_wconf 62' lang='grc' dir='ltr'><strong>Β).</strong></span> 
     </span>
    </p>

    <p class='ocr_par' dir='ltr' id='par_1_13' title="bbox 204 3108 1407 3606">
     <span class='ocr_line' id='line_1_28' title="bbox 249 3108 1406 3194; baseline -0.008 -16"><span class='ocrx_word' id='word_1_223' title='bbox 249 3114 279 3194; x_wconf 75' lang='lat'><strong>§-</strong></span> <span class='ocrx_word' id='word_1_224' title='bbox 292 3109 365 3178; x_wconf 83' lang='grc'><strong>587.</strong></span> <span class='ocrx_word' id='word_1_225' title='bbox 409 3111 573 3188; x_wconf 81' lang='lat' dir='ltr'><strong>Praetores,</strong></span> <span class='ocrx_word' id='word_1_226' title='bbox 595 3111 679 3191; x_wconf 87' lang='lat' dir='ltr'><strong>quod</strong></span> <span class='ocrx_word' id='word_1_227' title='bbox 702 3113 751 3172; x_wconf 90' lang='lat' dir='ltr'><strong>ius</strong></span> <span class='ocrx_word' id='word_1_228' title='bbox 775 3110 870 3174; x_wconf 86' lang='lat' dir='ltr'><strong>civile</strong></span> <span class='ocrx_word' id='word_1_229' title='bbox 894 3112 1015 3189; x_wconf 91' lang='lat' dir='ltr'><strong>liberis,</strong></span> <span class='ocrx_word' id='word_1_230' title='bbox 1042 3111 1109 3173; x_wconf 90' lang='lat' dir='ltr'><strong>suis</strong></span> <span class='ocrx_word' id='word_1_231' title='bbox 1131 3108 1321 3185; x_wconf 84' lang='lat' dir='ltr'><strong>heredibus,</strong></span> <span class='ocrx_word' id='word_1_232' title='bbox 1344 3109 1406 3170; x_wconf 89' lang='lat' dir='ltr'><strong>tri-</strong></span> 
     </span>
     <span class='ocr_line' id='line_1_29' title="bbox 204 3209 1407 3318; baseline -0.004 -44"><span class='ocrx_word' id='word_1_233' title='bbox 204 3213 327 3288; x_wconf 89' lang='lat' dir='ltr'><strong>buerat,</strong></span> <span class='ocrx_word' id='word_1_234' title='bbox 354 3211 436 3274; x_wconf 90' lang='lat' dir='ltr'><strong>idem</strong></span> <span class='ocrx_word' id='word_1_235' title='bbox 458 3214 659 3293; x_wconf 87' lang='lat' dir='ltr'><strong>emancipatis</strong></span> <span class='ocrx_word' id='word_1_236' title='bbox 674 3213 784 3275; x_wconf 92' lang='lat' dir='ltr'><strong>liberis</strong></span> <span class='ocrx_word' id='word_1_237' title='bbox 805 3213 1030 3290; x_wconf 88' lang='lat' dir='ltr'><strong>concedebant,</strong></span> <span class='ocrx_word' id='word_1_238' title='bbox 1052 3212 1207 3275; x_wconf 89' lang='lat' dir='ltr'><strong>bonorum</strong></span> <span class='ocrx_word' id='word_1_239' title='bbox 1223 3209 1407 3318; x_wconf 55' lang='lat' dir='ltr'><strong>posffssio-</strong></span> 
     </span>
     <span class='ocr_line' id='line_1_30' title="bbox 204 3311 1406 3397; baseline -0.006 -22"><span class='ocrx_word' id='word_1_240' title='bbox 204 3331 275 3376; x_wconf 86' lang='lat' dir='ltr'><strong>nem</strong></span> <span class='ocrx_word' id='word_1_241' title='bbox 297 3319 405 3376; x_wconf 91' lang='lat' dir='ltr'><strong>contra</strong></span> <span class='ocrx_word' id='word_1_242' title='bbox 428 3313 562 3390; x_wconf 90' lang='lat' dir='ltr'><strong>tabulas,</strong></span> <span class='ocrx_word' id='word_1_243' title='bbox 587 3314 626 3377; x_wconf 92' lang='lat' dir='ltr'><strong>ad</strong></span> <span class='ocrx_word' id='word_1_244' title='bbox 650 3315 856 3378; x_wconf 87' lang='lat' dir='ltr'><strong>evertendum</strong></span> <span class='ocrx_word' id='word_1_245' title='bbox 877 3317 974 3397; x_wconf 90' lang='lat' dir='ltr'><strong>patris</strong></span> <span class='ocrx_word' id='word_1_246' title='bbox 996 3319 1215 3378; x_wconf 89' lang='lat' dir='ltr'><strong>testamentum</strong></span> <span class='ocrx_word' id='word_1_247' title='bbox 1236 3311 1406 3374; x_wconf 84' lang='lat' dir='ltr'><strong>admitten-</strong></span> 
     </span>
     <span class='ocr_line' id='line_1_31' title="bbox 207 3413 1407 3500; baseline -0.005 -25"><span class='ocrx_word' id='word_1_248' title='bbox 207 3420 254 3476; x_wconf 91' lang='lat' dir='ltr'><strong>tes</strong></span> <span class='ocrx_word' id='word_1_249' title='bbox 267 3413 313 3500; x_wconf 73' lang='lat'><strong>²),</strong></span> <span class='ocrx_word' id='word_1_250' title='bbox 344 3431 404 3495; x_wconf 87' lang='lat' dir='ltr'><strong>qua</strong></span> <span class='ocrx_word' id='word_1_251' title='bbox 426 3413 496 3477; x_wconf 90' lang='lat' dir='ltr'><strong>data</strong></span> <span class='ocrx_word' id='word_1_252' title='bbox 520 3415 670 3480; x_wconf 89' lang='lat' dir='ltr'><strong>iudicium</strong></span> <span class='ocrx_word' id='word_1_253' title='bbox 696 3419 793 3498; x_wconf 90' lang='lat' dir='ltr'><strong>patris</strong></span> <span class='ocrx_word' id='word_1_254' title='bbox 816 3415 1074 3493; x_wconf 81' lang='lat' dir='ltr'><strong>rescindebatur3</strong></span> <span class='ocrx_word' id='word_1_255' title='bbox 1104 3415 1177 3478; x_wconf 93' lang='lat' dir='ltr'><strong>dum</strong></span> <span class='ocrx_word' id='word_1_256' title='bbox 1198 3413 1302 3496; x_wconf 82' lang='lat' dir='ltr'><strong>legata</strong></span> <span class='ocrx_word' id='word_1_257' title='bbox 1326 3423 1407 3472; x_wconf 85' lang='lat' dir='ltr'><strong>con-</strong></span> 
     </span>
     <span class='ocr_line' id='line_1_32' title="bbox 208 3516 986 3606; baseline 0.001 -28"><span class='ocrx_word' id='word_1_258' title='bbox 208 3517 322 3578; x_wconf 92' lang='lat' dir='ltr'><strong>iunctis</strong></span> <span class='ocrx_word' id='word_1_259' title='bbox 345 3516 490 3596; x_wconf 89' lang='lat' dir='ltr'><strong>personis</strong></span> <span class='ocrx_word' id='word_1_260' title='bbox 513 3517 622 3579; x_wconf 91' lang='lat' dir='ltr'><strong>relicta</strong></span> <span class='ocrx_word' id='word_1_261' title='bbox 645 3518 820 3597; x_wconf 79' lang='lat' dir='ltr'><strong>prestanda</strong></span> <span class='ocrx_word' id='word_1_262' title='bbox 844 3525 933 3581; x_wconf 91' lang='lat' dir='ltr'><strong>erant</strong></span> <span class='ocrx_word' id='word_1_263' title='bbox 948 3519 986 3606; x_wconf 82' lang='grc'><strong>8).</strong></span> 
     </span>
    </p>

    <p class='ocr_par' dir='ltr' id='par_1_14' title="bbox 206 3613 1406 3797">
     <span class='ocr_line' id='line_1_33' title="bbox 251 3613 1406 3700; baseline -0.009 -19"><span class='ocrx_word' id='word_1_264' title='bbox 251 3614 364 3698; x_wconf 65' lang='lat' dir='ltr'><strong>§.bes</strong></span> <span class='ocrx_word' id='word_1_265' title='bbox 409 3613 484 3676; x_wconf 87' lang='lat' dir='ltr'><strong>Cum</strong></span> <span class='ocrx_word' id='word_1_266' title='bbox 507 3616 567 3678; x_wconf 91' lang='lat' dir='ltr'><strong>hoc</strong></span> <span class='ocrx_word' id='word_1_267' title='bbox 596 3617 665 3678; x_wconf 91' lang='lat' dir='ltr'><strong>iure</strong></span> <span class='ocrx_word' id='word_1_268' title='bbox 688 3619 768 3698; x_wconf 93' lang='lat' dir='ltr'><strong>patri</strong></span> <span class='ocrx_word' id='word_1_269' title='bbox 795 3617 845 3680; x_wconf 90' lang='lat' dir='ltr'><strong>vel</strong></span> <span class='ocrx_word' id='word_1_270' title='bbox 870 3617 1053 3700; x_wconf 88' lang='lat' dir='ltr'><strong>parentibus</strong></span> <span class='ocrx_word' id='word_1_271' title='bbox 1082 3616 1182 3680; x_wconf 88' lang='lat' dir='ltr'><strong>libera</strong></span> <span class='ocrx_word' id='word_1_272' title='bbox 1211 3615 1406 3693; x_wconf 89' lang='lat' dir='ltr'><strong>competeret</strong></span> 
     </span>
     <span class='ocr_line' id='line_1_34' title="bbox 206 3709 1405 3797; baseline -0.003 -19"><span class='ocrx_word' id='word_1_273' title='bbox 206 3719 295 3782; x_wconf 88' lang='lat' dir='ltr'><strong>natos</strong></span> <span class='ocrx_word' id='word_1_274' title='bbox 315 3730 390 3778; x_wconf 91' lang='lat' dir='ltr'><strong>suos</strong></span> <span class='ocrx_word' id='word_1_275' title='bbox 413 3715 627 3780; x_wconf 86' lang='lat' dir='ltr'><strong>exheredandi</strong></span> <span class='ocrx_word' id='word_1_276' title='bbox 649 3722 801 3797; x_wconf 89' lang='lat' dir='ltr'><strong>potestas,</strong></span> <span class='ocrx_word' id='word_1_277' title='bbox 824 3723 855 3782; x_wconf 88' lang='lat' dir='ltr'><strong>et</strong></span> <span class='ocrx_word' id='word_1_278' title='bbox 877 3717 1021 3783; x_wconf 91' lang='lat' dir='ltr'><strong>omnibus</strong></span> <span class='ocrx_word' id='word_1_279' title='bbox 1040 3717 1111 3782; x_wconf 86' lang='lat' dir='ltr'><strong>aliis</strong></span> <span class='ocrx_word' id='word_1_280' title='bbox 1127 3713 1330 3779; x_wconf 88' lang='lat' dir='ltr'><strong>testatoribus</strong></span> <span class='ocrx_word' id='word_1_281' title='bbox 1351 3709 1405 3774; x_wconf 88' lang='lat' dir='ltr'><strong>vel</strong></span> 
     </span>
    </p>
   </div>
   <div class='ocr_carea' id='block_1_11' title="bbox 207 3831 407 3846">
    <p class='ocr_par' dir='ltr' id='par_1_15' title="bbox 207 3831 407 3846">
     <span class='ocr_line' id='line_1_35' title="bbox 207 3831 407 3846; baseline 0 0"><span class='ocrx_word' id='word_1_282' title='bbox 207 3831 407 3846; x_wconf 41' lang='grc' dir='ltr'><strong>ᾕ-</strong></span> 
     </span>
    </p>
   </div>
   <div class='ocr_carea' id='block_1_12' title="bbox 203 3891 1404 4176">
    <p class='ocr_par' dir='ltr' id='par_1_16' title="bbox 203 3891 1404 4176">
     <span class='ocr_line' id='line_1_36' title="bbox 239 3891 1404 4036; baseline -0.01 -14"><span class='ocrx_word' id='word_1_283' title='bbox 239 3895 268 4036; x_wconf 60' lang='grc'><strong>31</strong></span> <span class='ocrx_word' id='word_1_284' title='bbox 284 3897 330 4019; x_wconf 47' lang='grc' dir='ltr'><strong>113ἷῖ</strong></span> <span class='ocrx_word' id='word_1_285' title='bbox 348 3891 685 4032; x_wconf 47' lang='grc' dir='ltr'><strong>13ὸ.ὓῦ.2ξὸ,213ὴ’(1ὲ)ἰ</strong></span> <span class='ocrx_word' id='word_1_286' title='bbox 706 3963 813 4034; x_wconf 66' lang='lat' dir='ltr'><strong>argon).</strong></span> <span class='ocrx_word' id='word_1_287' title='bbox 835 3984 875 4034; x_wconf 69' lang='lat' dir='ltr'><strong>pa.</strong></span> <span class='ocrx_word' id='word_1_288' title='bbox 894 3969 914 4019; x_wconf 92' lang='lat'><strong>1.</strong></span> <span class='ocrx_word' id='word_1_289' title='bbox 934 3968 960 4032; x_wconf 82' lang='lat' dir='ltr'><strong>a,</strong></span> <span class='ocrx_word' id='word_1_290' title='bbox 980 3967 1014 4020; x_wconf 82' lang='lat' dir='ltr'><strong>as</strong></span> <span class='ocrx_word' id='word_1_291' title='bbox 1032 3964 1081 4033; x_wconf 72' lang='lat' dir='ltr'><strong>(ua</strong></span> <span class='ocrx_word' id='word_1_292' title='bbox 1098 3967 1159 4032; x_wconf 68' lang='lat'><strong>1020</strong></span> <span class='ocrx_word' id='word_1_293' title='bbox 1179 3959 1304 4028; x_wconf 74' lang='lat' dir='ltr'><strong>rauce).</strong></span> <span class='ocrx_word' id='word_1_294' title='bbox 1320 3965 1352 4014; x_wconf 85' lang='lat' dir='ltr'><strong>n.</strong></span> <span class='ocrx_word' id='word_1_295' title='bbox 1361 3959 1404 4014; x_wconf 91' lang='lat'><strong>11.</strong></span> 
     </span>
     <span class='ocr_line' id='line_1_37' title="bbox 203 4030 1343 4105; baseline -0.008 -11"><span class='ocrx_word' id='word_1_296' title='bbox 203 4047 236 4096; x_wconf 92' lang='lat' dir='ltr'><strong>D.</strong></span> <span class='ocrx_word' id='word_1_297' title='bbox 256 4037 299 4102; x_wconf 80' lang='lat'><strong>28,</strong></span> <span class='ocrx_word' id='word_1_298' title='bbox 318 4040 334 4092; x_wconf 79' lang='lat'>2</span> <span class='ocrx_word' id='word_1_299' title='bbox 356 4036 403 4104; x_wconf 84' lang='lat' dir='ltr'><strong>(de</strong></span> <span class='ocrx_word' id='word_1_300' title='bbox 420 4038 509 4090; x_wconf 83' lang='lat' dir='ltr'><strong>liberis</strong></span> <span class='ocrx_word' id='word_1_301' title='bbox 527 4036 671 4104; x_wconf 84' lang='lat' dir='ltr'><strong>horedib.).</strong></span> <span class='ocrx_word' id='word_1_302' title='bbox 691 4039 722 4088; x_wconf 84' lang='lat' dir='ltr'><strong>fr.</strong></span> <span class='ocrx_word' id='word_1_303' title='bbox 741 4036 767 4092; x_wconf 83' lang='lat'><strong>7.</strong></span> <span class='ocrx_word' id='word_1_304' title='bbox 786 4055 825 4105; x_wconf 85' lang='lat' dir='ltr'><strong>pr.</strong></span> <span class='ocrx_word' id='word_1_305' title='bbox 843 4040 876 4089; x_wconf 88' lang='lat' dir='ltr'><strong>D.</strong></span> <span class='ocrx_word' id='word_1_306' title='bbox 893 4035 937 4101; x_wconf 80' lang='lat'><strong>48,</strong></span> <span class='ocrx_word' id='word_1_307' title='bbox 958 4037 993 4091; x_wconf 79' lang='lat'><strong>20</strong></span> <span class='ocrx_word' id='word_1_308' title='bbox 1011 4033 1058 4104; x_wconf 82' lang='lat' dir='ltr'><strong>(ds</strong></span> <span class='ocrx_word' id='word_1_309' title='bbox 1075 4038 1154 4090; x_wconf 86' lang='lat' dir='ltr'><strong>bonis</strong></span> <span class='ocrx_word' id='word_1_310' title='bbox 1172 4030 1343 4098; x_wconf 79' lang='lat' dir='ltr'><strong>damnator).</strong></span> 
     </span>
     <span class='ocr_line' id='line_1_38' title="bbox 239 4107 1399 4176; baseline -0.011 -10"><span class='ocrx_word' id='word_1_311' title='bbox 239 4107 269 4176; x_wconf 86' lang='lat'><strong>3)</strong></span> <span class='ocrx_word' id='word_1_312' title='bbox 289 4110 453 4162; x_wconf 80' lang='lat' dir='ltr'><strong>Auctoritste</strong></span> <span class='ocrx_word' id='word_1_313' title='bbox 483 4109 574 4160; x_wconf 87' lang='lat' dir='ltr'><strong>iudicii</strong></span> <span class='ocrx_word' id='word_1_314' title='bbox 600 4111 799 4162; x_wconf 76' lang='lat' dir='ltr'><strong>centumviralis</strong></span> <span class='ocrx_word' id='word_1_315' title='bbox 823 4109 852 4161; x_wconf 87' lang='lat' dir='ltr'><strong>id</strong></span> <span class='ocrx_word' id='word_1_316' title='bbox 877 4111 1000 4162; x_wconf 83' lang='lat' dir='ltr'><strong>effectum</strong></span> <span class='ocrx_word' id='word_1_317' title='bbox 1024 4109 1137 4162; x_wconf 73' lang='lat' dir='ltr'><strong>videtur.</strong></span> <span class='ocrx_word' id='word_1_318' title='bbox 1187 4107 1242 4162; x_wconf 81' lang='lat' dir='ltr'><strong>oio.</strong></span> <span class='ocrx_word' id='word_1_319' title='bbox 1270 4107 1305 4158; x_wconf 77' lang='lat' dir='ltr'><strong>do</strong></span> <span class='ocrx_word' id='word_1_320' title='bbox 1333 4107 1399 4157; x_wconf 71' lang='lat' dir='ltr'><strong>ortt.</strong></span> 
     </span>
    </p>
   </div>
   <div class='ocr_carea' id='block_1_13' title="bbox 204 4178 1406 4604">
    <p class='ocr_par' dir='ltr' id='par_1_17' title="bbox 204 4178 1406 4604">
     <span class='ocr_line' id='line_1_39' title="bbox 204 4178 677 4302; baseline -0.013 -66"><span class='ocrx_word' id='word_1_321' title='bbox 204 4187 226 4237; x_wconf 84' lang='lat'><strong>1.</strong></span> <span class='ocrx_word' id='word_1_322' title='bbox 244 4178 288 4236; x_wconf 83' lang='grc'><strong>38.</strong></span> <span class='ocrx_word' id='word_1_323' title='bbox 309 4181 400 4232; x_wconf 77' lang='lat' dir='ltr'><strong>valor.</strong></span> <span class='ocrx_word' id='word_1_324' title='bbox 418 4181 554 4232; x_wconf 81' lang='lat' dir='ltr'><strong>Maximus</strong></span> <span class='ocrx_word' id='word_1_325' title='bbox 573 4179 633 4302; x_wconf 51' lang='lat' dir='ltr'><strong>KH.</strong></span> <span class='ocrx_word' id='word_1_326' title='bbox 652 4178 677 4232; x_wconf 88' lang='grc'><strong>7.</strong></span> 
     </span>
     <span class='ocr_line' id='line_1_40' title="bbox 237 4243 1296 4320; baseline -0.007 -14"><span class='ocrx_word' id='word_1_327' title='bbox 237 4252 267 4319; x_wconf 83' lang='grc'><strong>4)</strong></span> <span class='ocrx_word' id='word_1_328' title='bbox 287 4253 342 4305; x_wconf 82' lang='lat' dir='ltr'><strong>elo.</strong></span> <span class='ocrx_word' id='word_1_329' title='bbox 361 4251 379 4302; x_wconf 86' lang='lat' dir='ltr'><strong>l.</strong></span> <span class='ocrx_word' id='word_1_330' title='bbox 398 4268 421 4302; x_wconf 88' lang='lat' dir='ltr'><strong>c.</strong></span> <span class='ocrx_word' id='word_1_331' title='bbox 440 4249 502 4318; x_wconf 87' lang='lat' dir='ltr'><strong>Ulp.</strong></span> <span class='ocrx_word' id='word_1_332' title='bbox 522 4251 573 4300; x_wconf 80' lang='lat' dir='ltr'><strong>XX</strong></span> <span class='ocrx_word' id='word_1_333' title='bbox 601 4252 649 4311; x_wconf 84' lang='lat'><strong>.§.</strong></span> <span class='ocrx_word' id='word_1_334' title='bbox 671 4249 712 4302; x_wconf 89' lang='lat'><strong>16.</strong></span> <span class='ocrx_word' id='word_1_335' title='bbox 735 4250 794 4304; x_wconf 80' lang='lat' dir='ltr'><strong>(iol.</strong></span> <span class='ocrx_word' id='word_1_336' title='bbox 814 4249 839 4302; x_wconf 71' lang='grc'><strong>3-</strong></span> <span class='ocrx_word' id='word_1_337' title='bbox 862 4251 884 4312; x_wconf 67' lang='grc' dir='ltr'><strong>ἓ.</strong></span> <span class='ocrx_word' id='word_1_338' title='bbox 904 4250 983 4304; x_wconf 71' lang='grc'><strong>2-3,</strong></span> <span class='ocrx_word' id='word_1_339' title='bbox 1001 4267 1041 4320; x_wconf 88' lang='lat' dir='ltr'><strong>pr.</strong></span> <span class='ocrx_word' id='word_1_340' title='bbox 1059 4249 1080 4302; x_wconf 90' lang='lat' dir='ltr'><strong>l.</strong></span> <span class='ocrx_word' id='word_1_341' title='bbox 1100 4249 1126 4301; x_wconf 85' lang='lat' dir='ltr'><strong>b.</strong></span> <span class='ocrx_word' id='word_1_342' title='bbox 1147 4243 1296 4317; x_wconf 78' lang='lat' dir='ltr'><strong>r.(2,13).</strong></span> 
     </span>
     <span class='ocr_line' id='line_1_41' title="bbox 239 4319 1010 4394; baseline -0.004 -16"><span class='ocrx_word' id='word_1_343' title='bbox 239 4321 269 4390; x_wconf 76' lang='lat' dir='ltr'><strong>b)</strong></span> <span class='ocrx_word' id='word_1_344' title='bbox 289 4324 348 4376; x_wconf 77' lang='lat' dir='ltr'><strong>Gai.</strong></span> <span class='ocrx_word' id='word_1_345' title='bbox 367 4323 392 4375; x_wconf 76' lang='lat'><strong>2.</strong></span> <span class='ocrx_word' id='word_1_346' title='bbox 411 4322 435 4382; x_wconf 69' lang='lat'><strong>§-</strong></span> <span class='ocrx_word' id='word_1_347' title='bbox 455 4320 515 4375; x_wconf 72' lang='lat'><strong>124.</strong></span> <span class='ocrx_word' id='word_1_348' title='bbox 537 4321 597 4388; x_wconf 90' lang='lat' dir='ltr'><strong>Ulp.</strong></span> <span class='ocrx_word' id='word_1_349' title='bbox 616 4324 633 4374; x_wconf 93' lang='lat' dir='ltr'><strong>l.</strong></span> <span class='ocrx_word' id='word_1_350' title='bbox 654 4339 676 4374; x_wconf 87' lang='lat' dir='ltr'><strong>o.</strong></span> <span class='ocrx_word' id='word_1_351' title='bbox 696 4321 721 4382; x_wconf 68' lang='grc' dir='ltr'><strong>ὃ.</strong></span> <span class='ocrx_word' id='word_1_352' title='bbox 740 4321 782 4373; x_wconf 97' lang='grc'><strong>17.</strong></span> <span class='ocrx_word' id='word_1_353' title='bbox 801 4319 844 4374; x_wconf 70' lang='grc'><strong>30.</strong></span> <span class='ocrx_word' id='word_1_354' title='bbox 862 4339 902 4394; x_wconf 83' lang='lat' dir='ltr'><strong>pr.</strong></span> <span class='ocrx_word' id='word_1_355' title='bbox 924 4324 945 4374; x_wconf 87' lang='lat' dir='ltr'><strong>l.</strong></span> <span class='ocrx_word' id='word_1_356' title='bbox 966 4323 1010 4375; x_wconf 75' lang='lat' dir='ltr'><strong>oli.</strong></span> 
     </span>
     <span class='ocr_line' id='line_1_42' title="bbox 239 4389 831 4460; baseline -0.007 -14"><span class='ocrx_word' id='word_1_357' title='bbox 239 4395 268 4460; x_wconf 70' lang='lat' dir='ltr'><strong>bl</strong></span> <span class='ocrx_word' id='word_1_358' title='bbox 289 4394 348 4446; x_wconf 83' lang='lat' dir='ltr'><strong>Gai.</strong></span> <span class='ocrx_word' id='word_1_359' title='bbox 368 4395 393 4448; x_wconf 74' lang='grc'><strong>3.</strong></span> <span class='ocrx_word' id='word_1_360' title='bbox 413 4393 437 4454; x_wconf 65' lang='grc' dir='ltr'><strong>ὃ.</strong></span> <span class='ocrx_word' id='word_1_361' title='bbox 458 4392 519 4446; x_wconf 88' lang='grc'><strong>130.</strong></span> <span class='ocrx_word' id='word_1_362' title='bbox 539 4392 600 4460; x_wconf 84' lang='lat' dir='ltr'><strong>Ulp.</strong></span> <span class='ocrx_word' id='word_1_363' title='bbox 621 4393 643 4454; x_wconf 66' lang='lat' dir='ltr'><strong>b.</strong></span> <span class='ocrx_word' id='word_1_364' title='bbox 663 4389 706 4446; x_wconf 88' lang='lat'><strong>18.</strong></span> <span class='ocrx_word' id='word_1_365' title='bbox 726 4391 768 4444; x_wconf 86' lang='grc'><strong>19.</strong></span> <span class='ocrx_word' id='word_1_366' title='bbox 788 4393 831 4445; x_wconf 67' lang='grc'><strong>81.</strong></span> 
     </span>
     <span class='ocr_line' id='line_1_43' title="bbox 238 4453 1406 4532; baseline -0.011 -13"><span class='ocrx_word' id='word_1_367' title='bbox 238 4465 268 4532; x_wconf 81' lang='lat' dir='ltr'><strong>t)</strong></span> <span class='ocrx_word' id='word_1_368' title='bbox 288 4465 349 4517; x_wconf 70' lang='lat' dir='ltr'><strong>(lei.</strong></span> <span class='ocrx_word' id='word_1_369' title='bbox 368 4466 393 4518; x_wconf 80' lang='lat'><strong>2.</strong></span> <span class='ocrx_word' id='word_1_370' title='bbox 415 4465 438 4525; x_wconf 74' lang='lat'><strong>§-</strong></span> <span class='ocrx_word' id='word_1_371' title='bbox 456 4462 516 4517; x_wconf 81' lang='grc'><strong>135.</strong></span> <span class='ocrx_word' id='word_1_372' title='bbox 536 4463 598 4530; x_wconf 87' lang='lat' dir='ltr'><strong>Ulp.</strong></span> <span class='ocrx_word' id='word_1_373' title='bbox 616 4466 635 4516; x_wconf 91' lang='lat'><strong>1.</strong></span> <span class='ocrx_word' id='word_1_374' title='bbox 645 4481 668 4516; x_wconf 90' lang='lat' dir='ltr'><strong>o.</strong></span> <span class='ocrx_word' id='word_1_375' title='bbox 687 4461 763 4524; x_wconf 66' lang='lat' dir='ltr'><strong>§.bb</strong></span> <span class='ocrx_word' id='word_1_376' title='bbox 781 4464 848 4516; x_wconf 75' lang='lat' dir='ltr'><strong>inl.</strong></span> <span class='ocrx_word' id='word_1_377' title='bbox 866 4477 905 4530; x_wconf 84' lang='lat' dir='ltr'><strong>pr.</strong></span> <span class='ocrx_word' id='word_1_378' title='bbox 926 4460 1015 4527; x_wconf 56' lang='lat'><strong>1137,</strong></span> <span class='ocrx_word' id='word_1_379' title='bbox 1032 4461 1050 4515; x_wconf 84' lang='lat'>4</span> <span class='ocrx_word' id='word_1_380' title='bbox 1068 4461 1117 4530; x_wconf 83' lang='lat' dir='ltr'><strong>(de</strong></span> <span class='ocrx_word' id='word_1_381' title='bbox 1134 4462 1196 4514; x_wconf 85' lang='lat' dir='ltr'><strong>bon.</strong></span> <span class='ocrx_word' id='word_1_382' title='bbox 1206 4474 1278 4530; x_wconf 78' lang='lat' dir='ltr'><strong>poss.</strong></span> <span class='ocrx_word' id='word_1_383' title='bbox 1291 4477 1314 4512; x_wconf 86' lang='lat' dir='ltr'><strong>c.</strong></span> <span class='ocrx_word' id='word_1_384' title='bbox 1328 4453 1406 4524; x_wconf 70' lang='lat' dir='ltr'><strong>tun).</strong></span> 
     </span>
     <span class='ocr_line' id='line_1_44' title="bbox 237 4529 1168 4604; baseline -0.009 -12"><span class='ocrx_word' id='word_1_385' title='bbox 237 4537 266 4599; x_wconf 87' lang='lat'><strong>8)</strong></span> <span class='ocrx_word' id='word_1_386' title='bbox 284 4539 345 4604; x_wconf 76' lang='lat' dir='ltr'><strong>Dlg.</strong></span> <span class='ocrx_word' id='word_1_387' title='bbox 364 4533 408 4600; x_wconf 81' lang='lat'><strong>37,</strong></span> <span class='ocrx_word' id='word_1_388' title='bbox 426 4534 443 4590; x_wconf 84' lang='lat' dir='ltr'><strong>b</strong></span> <span class='ocrx_word' id='word_1_389' title='bbox 460 4533 506 4604; x_wconf 87' lang='lat' dir='ltr'><strong>(de</strong></span> <span class='ocrx_word' id='word_1_390' title='bbox 524 4536 620 4602; x_wconf 76' lang='lat' dir='ltr'><strong>legatis</strong></span> <span class='ocrx_word' id='word_1_391' title='bbox 637 4535 795 4603; x_wconf 77' lang='lat' dir='ltr'><strong>praestandis</strong></span> <span class='ocrx_word' id='word_1_392' title='bbox 813 4535 877 4587; x_wconf 88' lang='lat' dir='ltr'><strong>bon.</strong></span> <span class='ocrx_word' id='word_1_393' title='bbox 894 4550 966 4604; x_wconf 86' lang='lat' dir='ltr'><strong>poss.</strong></span> <span class='ocrx_word' id='word_1_394' title='bbox 982 4548 1007 4590; x_wconf 84' lang='lat' dir='ltr'><strong>o.</strong></span> <span class='ocrx_word' id='word_1_395' title='bbox 1027 4540 1045 4587; x_wconf 83' lang='lat' dir='ltr'><strong>t</strong></span> <span class='ocrx_word' id='word_1_396' title='bbox 1063 4529 1168 4601; x_wconf 68' lang='lat' dir='ltr'><strong>poure).</strong></span> 
     </span>
    </p>
   </div>
   <div class='ocr_carea' id='block_1_14' title="bbox 0 0 1555 4966">
    <p class='ocr_par' dir='ltr' id='par_1_18' title="bbox 0 0 1555 4966">
     <span class='ocr_line' id='line_1_45' title="bbox 0 0 1555 4966; baseline 0 0"><span class='ocrx_word' id='word_1_397' title='bbox 0 0 1555 4966; x_wconf 95' lang='lat' dir='ltr'><strong> </strong></span> 
     </span>
    </p>
   </div>
  </div>
 </body>
</html>
