3062 4972
584 328 718 366 uraunrru
742 328 849 368 onr.rn
1121 332 1130 344 ”
1267 319 1319 374 277

749 405 753 435 l

165 469 197 548 ᾖ.
213 463 284 529 977.
329 461 375 523 Ex
399 460 483 523 furto
509 459 626 541 duplex
648 459 801 542 obligatio
824 462 974 538 nascitur,
1000 460 1102 522 altera
1120 461 1159 523 ad
1174 465 1330 527 remred-

123 566 257 628 dandam
271 561 323 626 vel
347 562 581 626 aestimationem
604 563 673 623 eius
698 561 916 642 praestandam,
938 562 1036 624 altera
1059 560 1098 624 'ad
1117 580 1239 642 poenam
1259 563 1328 627 sol-

123 664 307 750 vendam1).
352 663 445 724 Poena
461 667 563 724 autem
583 661 671 742 dupli
690 661 738 724 e'st
752 663 826 724 furti
839 680 902 725 non
915 663 1083 740 manifesti,
1106 669 1137 726 et
1154 663 1322 745 quadrupli

123 767 200 829 furti
222 763 390 827 manifesti.
435 761 619 834 Manifestus
642 762 693 824 fur
715 769 774 841 est,
798 767 852 844 qui
873 766 905 824 in
925 763 1010 827 furto
1033 765 1085 826 vel
1107 765 1140 825 in
1163 765 1245 840 loco,
1269 765 1322 826 ubi

123 866 217 929 modo
240 867 358 928 furtum
382 864 472 940 feeit,
496 863 755 944 deprehenditur,
779 867 852 928 item
875 864 1022 945 quamdiu
1048 863 1098 926 fur
1120 883 1186 927 rem
1215 870 1326 926 tenens

125 969 216 1030 visus
241 972 273 1028 ct
296 966 514 1046 deprehensus
537 963 643 1042 fuerit,
656 971 821 1050 antequam
836 984 874 1028 eo
889 965 1082 1046 pervenerit,
1105 984 1167 1046 quo
1184 965 1328 1046 perferre

125 1074 157 1130 et
178 1067 339 1148 deponere
362 1085 429 1128 eam
453 1067 643 1129 destinasset
654 1065 691 1154 ²).
729 1065 805 1128 Cum
825 1073 960 1146 utraque
983 1068 1135 1150 obligatio
1148 1070 1323 1148 praesertim

128 1185 169 1230 ex
192 1167 368 1230 actionibus
392 1173 615 1250 cognoscatur,
640 1168 709 1247 q'uae
732 1167 800 1228 eius
822 1161 1052 1248 persequenda
1074 1169 1176 1250 gratia
1201 1186 1329 1248 compa-

124 1273 201 1330 ratae
234 1271 325 1342 sunt,
366 1267 399 1327 in
437 1268 583 1346 sequenti
622 1266 703 1328 libro
735 1265 922 1358 diligentius
954 1267 993 1328 de
1027 1269 1065 1329 iis
1101 1268 1327 1347 disputabimus
1444 1281 1448 1288 ’

127 1368 175 1454 (a.
198 1367 457 1455 1194.-11ae.).

344 1523 346 1529 ’
432 1553 500 1606 rra.
518 1555 565 1606 111.
601 1554 650 1605 nu
669 1552 777 1606 eonrs
797 1553 835 1604 vr
855 1553 981 1606 burrus
995 1549 1025 1620 ⁸).

168 1691 282 1774 §.aba
327 1688 359 1752 Si
382 1689 433 1750 cui
457 1687 530 1749 dolo
552 1686 632 1749 malo
655 1688 697 1763 vi,
723 1693 777 1748 aut
799 1688 980 1772 bominibus
1005 1689 1121 1750 coactis
1146 1691 1326 1765 armatisve,

127 1793 231 1854 damni
246 1789 321 1870 quid
334 1789 448 1851 facturn
463 1793 521 1864 est,
545 1790 614 1850 sive
626 1789 714 1850 cuius
739 1788 819 1850 bona
833 1795 920 1869 rapta
943 1807 1015 1851 esse
1031 1789 1189 1866 dicuntur,
1213 1787 1330 1852 Precor

127 1895 160 1954 in
171 1909 256 1968 eum,
274 1891 348 1970 quid
364 1891 394 1952 id
411 1889 497 1966 fecit,
509 1890 657 1952 iudicium
671 1888 739 1963 dat;
764 1907 833 1950 cum
854 1891 881 1951 si
897 1890 1012 1952 furtum
1025 1891 1176 1952 violentia
1189 1875 1230 1952 sft
1242 1901 1331 1956 com-

128 1995 276 2069 missum,
301 1998 365 2052 tum
389 1993 416 2052 si
438 1991 614 2053 horninibus
645 1991 761 2052 coactis
784 2008 836 2052 res
860 1990 956 2052 fuerit
978 1993 1010 2052 vi
1032 1990 1145 2067 ablata,
1167 1997 1221 2052 aut
1242 1991 1331 2054 darn-

128 2112 203 2157 num
233 2096 281 2156 rei
310 2092 456 2156 illatum·
486 2091 533 2153 De
563 2092 658 2153 rebus
688 2091 855 2153 mobilibus
887 2097 1004 2152 tantum
1035 2091 1152 2156 Praetor
1181 2095 1278 2155 edixit
1289 2091 1329 2181 4).

129 2195 230 2258 Huius
258 2193 364 2256 delicti
388 2209 463 2254 reus
487 2211 549 2254 non
578 2191 680 2254 solum
708 2210 765 2272 pro
792 2194 840 2254 rei
869 2193 1070 2254 restitutione
1101 2197 1243 2270 tenetur,
1275 2195 1332 2257 sed

129 2297 223 2358 etiam
244 2313 301 2376 pro
320 2311 413 2375 poena
435 2293 532 2374 tripli,
556 2311 625 2372 quaa
646 2293 683 2354 ab
698 2311 746 2369 eo,
768 2293 858 2354 cuius
880 2293 1024 2369 interest,
1048 2293 1110 2354 vim
1133 2291 1243 2354 factam
1267 2312 1330 2356 non
1439 2321 1443 2334 ·

133 2413 218 2472 esse,
241 2397 298 2458 bac
321 2397 353 2456 in
375 2394 584 2474 quadruplum
607 2396 729 2456 actione
752 2396 817 2474 peti
840 2393 996 2478 potasti).
1028 2445 1030 2455 ι

174 2500 205 2579 ξ.
218 2495 289 2560 979.
335 2495 395 2559 Sed
415 2497 457 2558 ita
475 2494 597 2556 demum
620 2514 656 2557 ea
679 2496 837 2575 competit,
858 2496 889 2572 si,
907 2493 980 2556 dolo
994 2495 1074 2557 malo
1089 2495 1158 2574 quis
1173 2499 1331 2578 rapuerit:

132 2599 188 2677 qui
213 2597 311 2678 igitur
335 2613 445 2657 errore
464 2593 631 2672 inductus,
663 2613 750 2658 suam
774 2614 839 2657 rem
860 2613 933 2657 esse
955 2597 1137 2658 existimans
1161 2602 1192 2660 et
1211 2601 1347 2681 impru„

132 2697 213 2760 dens
237 2697 335 2772 iuris,
364 2713 401 2757 eo
423 2697 525 2757 animo
546 2697 667 2776 rapuit,
701 2697 790 2775 quasi
812 2695 936 2759 domino
960 2696 1054 2758 liceat
1078 2699 1168 2760 etiam
1191 2716 1248 2778 per
1272 2701 1333 2761 vim

131 2819 201 2863 rem
223 2813 310 2859 suam
334 2796 460 2859 auferre
486 2797 742 2877 possessoribus,
762 2795 883 2860 absolvi
899 2797 1004 2860 debet.
1038 2795 1094 2860 Cui
1115 2799 1238 2861 scilicet
1255 2819 1334 2862 con-

133 2900 267 2962 veniens
292 2906 356 2976 est,
388 2919 446 2962 nec
469 2899 544 2961 furti
565 2900 667 2960 teneri
689 2917 778 2976 eum,
801 2901 855 2980 qui
878 2900 989 2962 eodem
1013 2901 1072 2962 boc
1093 2903 1194 2964 animo
1217 2903 1332 2986 rapuit,

133 2999 193 3064 sed
217 3018 268 3075 ne,
290 3001 362 3063 dum
385 3000 459 3063 talia
480 3003 713 3083 excogitentur,
737 3002 917 3063 inveniatur
934 3003 994 3078 via,
1016 3021 1073 3083 per
1086 3020 1176 3083 quam
1189 3010 1334 3084 raptores

135 3105 265 3183 impune
284 3120 372 3164 suam
396 3107 565 3172 exerceant
584 3103 757 3178 avaritiam,
782 3102 894 3165 melius
905 3103 1119 3182 imperialibus
1132 3107 1335 3169 constitutio-

134 3203 229 3266 nibus
256 3221 312 3283 pro
334 3203 392 3263 bac
414 3207 504 3283 parte
528 3195 729 3286 prospectum
752 3207 819 3288 est,
851 3209 885 3263 ut
913 3205 1028 3266 nemini
1052 3202 1145 3265 liceat
1168 3206 1198 3264 vi
1221 3215 1335 3285 rapere
1428 3203 1431 3210 '

134 3321 203 3366 rem
227 3302 372 3366 mobilem
397 3303 449 3364 vel
471 3321 507 3364 se
526 3309 720 3378 moventem,
743 3303 820 3364 licet
835 3321 921 3364 suam
936 3303 1065 3364 eandem
1078 3322 1143 3365 rem
1158 3305 1315 3366 existimet
1326 3323 1334 3378 ;

135 3403 194 3466 sed
216 3406 242 3467 si
267 3408 337 3485 quis
360 3410 469 3468 contra
491 3410 606 3467 statuta
629 3405 750 3482 fecerit,
773 3407 820 3468 rei
833 3405 959 3485 quidem
972 3421 1038 3466 suae
1054 3405 1189 3467 dominio
1202 3405 1335 3480 cadere3

135 3505 186 3568 sin
209 3510 311 3568 autem
334 3505 436 3568 aliena
459 3507 509 3582 sit,
531 3512 603 3587 post
625 3507 857 3569 restitutionem
881 3508 961 3583 eius,
986 3508 1077 3569 etiam
1100 3505 1335 3570 aestimationem
1451 3490 1453 3496 ¹

137 3604 281 3669 eiusdem
303 3608 352 3668 rei
374 3611 535 3686 praestare,
561 3607 644 3687 quod
668 3625 730 3669 non
752 3607 853 3670 solum
876 3609 907 3668 in
932 3606 1100 3670 mobilibus
1126 3608 1241 3685 rebus,
1265 3611 1334 3690 quat

136 3707 207 3786 rapi
234 3711 386 3787 possunt,
420 3708 662 3770 constitutiones
688 3708 831 3770 obtinere
854 3715 1064 3786 censuerunt,
1102 3709 1158 3772 sed
1190 3714 1282 3773 etiam
1304 3713 1336 3773 in

136 3808 368 3884 invasionibus,
394 3825 463 3889 quac
487 3810 569 3871 circa
590 3825 642 3870 res
663 3808 723 3871 soli
743 3808 837 3886 frunt,
861 3814 894 3869 ut
914 3827 954 3870 ex
976 3811 1033 3870 bac
1057 3826 1151 3872 causa
1175 3815 1258 3875 omni
1281 3830 1337 3874 ra-

138 3911 213 3992 pina
235 3910 376 3972 bomines
401 3927 436 3971 se
459 3910 636 3972 abstineant
648 3909 687 3993 6).
1214 3963 1218 3970 .

182 4013 213 4094 ξ.
227 4010 300 4076 980.
344 4012 425 4075 Dolo
449 4012 530 4076 malo
555 4019 658 4075 autem
682 4014 787 4075 facere
809 4019 914 4093 potest
935 4031 997 4076 non
1015 4019 1131 4078 tantum
1150 4017 1188 4090 is,
1213 4013 1267 4093 qui
1283 4033 1337 4075 ra-

139 4113 196 4195 pit,
219 4129 329 4174 verum
354 4115 456 4192 etiam,
481 4120 535 4196 qui
556 4118 754 4198 praecedente
778 4117 910 4180 consilio
936 4117 974 4180 ad
999 4118 1058 4182 boc
1077 4120 1178 4198 ipsum
1197 4121 1338 4184 homines

332 4310 474 4361 ibus
556 4309 1146 4377 maanucomasuffinffi

309 4378 1250 4452 Mmdmmambnssssmwmmmmmli

248 4454 395 4506 niba
493 4448 1039 4516 ffibLQLdemm5dfflb

248 4522 988 4593 ..ubammaffunoaummm.
