3062 4972
204 330 259 388 854
522 337 724 377 susurronem
743 337 818 377 nsunt
837 336 941 376 aornar
960 339 1081 376 rnrrnrr.

206 479 366 542 restitutio
387 477 550 558 impetrata
573 473 717 555 prodest,
739 473 801 534 nisi
825 473 964 534 scientes
984 472 1237 554 prudentesque,
1261 475 1403 538 consulto.
1487 455 1488 518 ἶ

207 579 354 653 consilio,
384 581 419 638 ut
449 575 637 638 creditorem
657 579 765 636 contra
796 573 894 654 ipsam
922 573 954 634 in
991 574 1153 656 integrum
1174 575 1398 637 restitutionem
1487 573 1488 650 ᾖ

208 697 356 744 securum
380 681 578 759 praestarent,
601 675 852 738 intercesserunt
862 673 900 762 ¹).
1487 659 1488 730 ³

249 783 280 863 5.
292 779 384 844 1249.
427 777 649 840 destituuntur
675 777 811 839 maiores
821 773 906 836 XXV
927 775 1030 851 annis,
1052 775 1080 836 si
1103 775 1288 856 reipublicae
1312 791 1399 838 causa
1487 787 1488 860 j

207 882 340 955 absunt;
363 881 437 942 item
460 896 500 940 ex
521 876 667 960 generali
693 876 788 938 edicti
809 874 963 953 clausula,
986 876 1067 940 etsi
1090 876 1129 938 ob
1152 877 1244 938 alium
1265 876 1322 938 sed
1343 893 1399 937 non
1487 879 1488 960 ξ

208 988 331 1062 turpem
354 995 481 1042 causam
504 977 673 1063 absunt⁸);
696 977 769 1039 inde
788 982 820 1038 et
833 978 994 1038 dementes
1010 980 1231 1054 restituuntur,
1254 979 1308 1058 qui
1319 994 1399 1040 sem·
1487 961 1488 1030 1

209 1101 268 1164 per
291 1080 405 1145 abesse
428 1078 594 1154 videntur,
618 1079 670 1141 vel
694 1079 738 1155 bi,
761 1095 893 1158 quorum
916 1081 984 1142 iura
997 1085 1128 1161 propter
1148 1080 1326 1142 adversarii
1347 1077 1399 1139 ab·

209 1181 341 1244 sentiam
361 1177 437 1242 laesa
459 1183 542 1241 sunt.
586 1177 633 1240 Ex
655 1178 763 1240 eadem
786 1178 927 1240 clausula
959 1186 1089 1260 propter
1116 1182 1232 1242 iustum
1265 1197 1399 1242 errorem

208 1297 335 1362 quoque
358 1281 409 1343 vel
431 1287 560 1360 propter
581 1280 788 1362 ignorantiam
813 1284 843 1340 ct
863 1281 1068 1342 rusticitatem
1087 1282 1119 1342 in
1138 1283 1295 1363 integrum
1307 1279 1400 1342 resti-

208 1384 288 1445 tutio
311 1381 506 1444 conceditur.
538 1379 681 1470 ‘Propter
697 1380 808 1459 capitis
820 1379 1055 1443 diminutionem
1066 1383 1219 1444 minimam
1232 1383 1399 1446 novissimo
1452 1379 1455 1388 '

207 1483 278 1544 iure
299 1499 430 1545 romano
452 1497 582 1560 perraro
603 1479 783 1541 necessaria
808 1484 857 1540 est
877 1481 909 1540 in
932 1481 1091 1562 integrum
1115 1485 1274 1545 restitutio
1285 1483 1326 1568 3).

251 1583 389 1666 §.1250
433 1581 579 1660 Denique
603 1577 789 1642 admonendi
811 1596 930 1656 sumus,
954 1582 986 1641 in
1004 1581 1161 1663 integrum
1174 1584 1401 1647 restitutionem

213 1699 340 1765 quoque
370 1683 472 1745 locum
499 1681 634 1754 babere,
668 1695 736 1742 cum
761 1677 969 1742 alienationes
996 1681 1030 1741 in
1052 1679 1191 1742 fraudem
1214 1681 1401 1742 creditorum

209 1784 298 1846 lactae
326 1801 384 1863 per
413 1781 591 1844 Paulianam
614 1783 768 1844 actionem
792 1779 1016 1842 rescindantur
1028 1779 1072 1862 4);
1103 1780 1129 1840 si
1160 1783 1231 1861 quis
1261 1783 1400 1843 enimin

210 1882 352 1946 fraudem
377 1881 567 1944 creditorum
590 1898 656 1942 rem
676 1898 762 1942 suam
786 1880 880 1942 alicui
902 1880 1075 1958 tradiderit,
1099 1883 1190 1944 bonis
1210 1885 1277 1944 cius
1301 1901 1401 1947 acre-

209 1984 364 2046 ditoribus
387 2001 425 2045 cx
447 1985 602 2045 sententia
625 1985 827 2065 magistratus
846 1985 1016 2062 possessis,
1038 1985 1228 2063 permittitur
1240 1986 1320 2066 ipsis
1333 2003 1401 2047 crc-

210 2084 365 2147 ditoribus
388 2085 525 2146 rescissa
547 2085 715 2146 traditione
736 2101 803 2146 eam
824 2101 890 2146 rem
911 2089 1020 2164 petere
1040 2085 1061 2146 i.
1083 2103 1111 2146 c.
1135 2085 1241 2146 dicere
1259 2103 1400 2148 eamrem

209 2184 352 2248 traditam
380 2201 442 2247 non
475 2203 548 2247 esse
569 2191 601 2247 et
623 2185 663 2248 ob
686 2185 717 2247 id
740 2185 882 2248 inbonis
906 2185 1060 2248 debitoris
1084 2185 1238 2248 mansisse
1248 2185 1289 2270 ⁵).
1335 2185 1402 2248 llaec

208 2287 289 2350 actio
312 2285 458 2350 Pauliana
477 2291 610 2348 vocatur
623 2286 665 2372 ⁶).

245 2387 369 2467 Siquis
392 2387 625 2463 alienationem,
647 2387 755 2449 iudicii
777 2385 913 2448 mutandi
930 2404 1024 2449 causa
1046 2389 1078 2448 in
1096 2387 1237 2450 fraudem
1260 2393 1397 2452 nostram

207 2489 293 2564 lecit,
317 2493 348 2550 et
370 2488 557 2551 iudiciorum
581 2490 697 2550 exitum
722 2488 795 2551 inde
815 2489 973 2550 duriorem
996 2489 1087 2552 nobis
1111 2492 1287 2566 constituit,
1314 2491 1396 2551 nulla

206 2591 239 2652 in
251 2590 410 2671 integrum
423 2591 583 2652 restitutio
604 2589 706 2666 datur,
722 2590 823 2653 sedin
837 2590 950 2652 lactum
965 2591 1046 2653 actio
1060 2593 1149 2669 tanti,
1172 2593 1279 2672 quanti
1292 2597 1396 2654 nostra

201 2689 359 2764 interluit,
383 2689 478 2750 alium
500 2690 716 2752 adversarium
741 2707 798 2752 nos
821 2707 885 2752 non
907 2688 1077 2777 haberelj.

236 2863 265 2931 1)
285 2865 327 2916 Fr.
349 2864 374 2916 3.
391 2868 414 2928 ξ.
434 2863 460 2917 4.
479 2867 511 2917 fr.
530 2865 573 2918 13.
592 2883 631 2932 pr.
649 2867 683 2918 D.
700 2866 728 2929 4,
745 2864 763 2918 4
783 2863 821 2933 (b.
839 2863 880 2932 t).
898 2869 929 2918 fr.
940 2863 983 2920 95.
1002 2865 1024 2926 ἓ.
1032 2865 1057 2919 3.
1075 2868 1109 2920 D.
1129 2866 1174 2932 46,
1192 2865 1208 2918 3
1230 2864 1278 2932 (de
1297 2860 1396 2930 solut).

202 2937 302 2987 Paulus
319 2949 372 2986 rao.
392 2942 458 2988 sent.
477 2937 498 2987 I.
517 2937 541 2989 9.
561 2937 583 2996 5.
603 2935 627 2988 6.
646 2953 669 2990 c.
685 2937 832 3004 Vonqerow
852 2937 874 2996 ἓ.
895 2935 953 2990 183.
972 2943 1037 2989 nota
1050 2936 1081 2988 Ι1.

238 3004 265 3072 2)
283 3007 345 3072 Dig.
365 3005 392 3068 4,
409 3006 435 3058 6.
457 3008 522 3059 Cod.
543 3008 569 3070 2,
586 3006 621 3060 54
642 3006 689 3075 (ex
707 3011 778 3077 quib.
798 3011 884 3062 causis
903 3009 1017 3061 maiores
1035 3009 1113 3060 XXV
1127 3007 1203 3062 sunia
1220 3010 1247 3060 in
1269 3009 1397 3076 integrum

201 3075 395 3206 rcsgtufgugur).
432 3078 523 3130 Verba
542 3079 623 3130 edicti
643 3083 723 3132 refert
741 3082 773 3132 tr.
793 3080 818 3132 1.
838 3081 861 3140 ξ.
882 3081 905 3132 1.
929 3083 963 3132 D.
983 3081 1049 3132 bt
1086 3081 1277 3147 csVonyerow
1297 3079 1321 3140 ἓ.
1342 3077 1397 3132 188.

203 3154 230 3200 et
266 3186 272 3198 .
345 3185 351 3198 .
936 3147 940 3162 ¹

238 3216 267 3283 3)
288 3219 332 3269 Fr.
354 3218 379 3270 2.
397 3221 431 3270 D.
450 3217 477 3282 4,
497 3219 511 3270 1
532 3215 578 3282 (de
594 3219 622 3270 in
639 3220 733 3285 integr.
751 3218 854 3287 restit).
891 3217 920 3288 4)
938 3223 999 3288 Dtg.
1018 3219 1045 3286 4,
1063 3220 1081 3274 5
1101 3220 1147 3289 (dc
1166 3221 1252 3286 capite
1270 3219 1396 3286 minutis).

239 3287 267 3354 5)
286 3291 347 3357 Dig.
365 3288 409 3354 42,
429 3287 455 3340 8.
476 3287 543 3343 cod.
562 3285 588 3352 7,
607 3288 643 3342 57
662 3288 731 3358 (qua
750 3292 918 3344 intrandam
937 3294 1097 3346 creditorum
1116 3298 1193 3360 gasts
1210 3296 1281 3354 suut,
1299 3301 1330 3346 ut
1348 3310 1396 3346 res·

201 3361 339 3412 lituuntur.
376 3379 403 3412 c.
424 3359 570 3428 Vonyercao
589 3361 635 3412 111.
655 3361 678 3419 §-
698 3357 758 3414 697.

236 3430 264 3495 6)
286 3431 309 3491 §.
328 3431 354 3483 6.
372 3433 393 3483 Ι.
412 3431 439 3494 4,
455 3431 471 3483 6
491 3431 538 3498 (dc
557 3431 728 3498 actionibus).

201 3499 390 3640 1⁴33}ss
408 3501 555 3624 tli.t·<lod.2
585 3501 621 3555 55
647 3499 694 3568 (de
712 3505 873 3557 alienatione
896 3504 951 3558 iud.
977 3505 1098 3558 mutand.
1117 3519 1200 3557 cauea
1223 3499 1319 3566 tacta).
1351 3503 1396 3552 ct.
