3062 4972
584 317 664 355 uren
683 318 721 357 tv.
740 315 799 353 cnr.
813 315 831 355 r.
1257 299 1312 357 297

114 451 238 516 toribus
263 447 371 526 datis,
396 446 530 510 formula
549 447 604 510 illa
624 447 860 512 accuratissime
883 444 1103 527 precipiebat,
1128 447 1250 528 quade
1284 467 1321 510 re

115 550 318 616 iudicandum
347 554 433 612 esset
446 547 484 638 1).
697 550 700 560 “

155 656 185 736 5.
199 651 290 718 1045.
342 649 557 717 Formularum
578 655 682 713 autem
705 653 840 729 quatuor
862 653 952 710 erant
973 653 1091 728 partes,
1114 671 1317 713 senonem·
1428 717 1430 722 ,

112 779 185 832 τιο,
209 775 370 829 rnrenrro,
400 775 597 816 sorunrearro
618 757 650 813 ct
673 739 954 831 eonnnurlsrro²);
993 765 1062 830 quae
1095 766 1203 812 omnes
1236 767 1315 813 vero

112 862 220 938 partes
243 854 354 917 eadem
376 853 509 916 formula
533 851 626 914 simul
646 869 777 934 perraro
799 851 1050 914 continebantur.
1084 850 1216 924 Quando
1234 852 1318 913 enim

113 955 305 1020 adiudicatio
327 960 444 1016 tantum
469 959 536 1016 erat
558 953 712 1030 iacienda,
738 945 868 1033 ea'pars
889 950 1043 1028 lorrnulae,
1067 969 1136 1032 quae
1161 951 1316 1015 condem-

113 1057 199 1118 natio
222 1055 404 1130 vocabatur,
430 1054 572 1117 adbiberi
595 1072 659 1118 non
681 1052 810 1128 debuit3
835 1055 867 1116 in
891 1052 962 1116 aliis
986 1052 1156 1133 aliquando
1178 1054 1314 1114 intentio

114 1163 168 1220 aut
189 1156 413 1219 demonstratio
437 1155 637 1218 omittebatur
646 1155 685 1242 Β).
723 1154 798 1216 Erat
819 1155 885 1218 baec
907 1153 960 1215 illa
977 1172 1051 1234 pars
1079 1153 1230 1230 formulae,
1254 1172 1317 1235 qua

113 1276 179 1334 res,
202 1257 241 1320 de
254 1274 315 1337 qua
331 1262 493 1339 ageretur,
518 1255 810 1330 dernonstrabatur3
833 1256 1007 1318 intentione
1019 1253 1212 1317 desiderium
1227 1271 1319 1316 suum

113 1365 201 1423 actor
225 1357 443 1421 concludebat.
488 1356 754 1420 Condemnatione
776 1355 873 1418 iudici
891 1355 1118 1418 condemnandi
1140 1353 1316 1417 absolven-
1355 1422 1357 1426 ,

114 1461 189 1524 dive
210 1463 348 1540 potestas
372 1449 611 1538 permittebatur
621 1456 659 1543 4).
706 1458 860 1520 Caeterum
883 1457 1104 1538 exceptiones,
1131 1457 1318 1538 replicatio-

113 1577 172 1623 nes
202 1564 234 1620 et
263 1557 556 1645 prescriptionesl)
586 1561 618 1620 in
649 1558 782 1621 formula
811 1559 985 1638 sepissime
1011 1563 1157 1638 tanquam
1188 1559 1315 1641 agentis

114 1659 168 1723 vel
189 1660 236 1734 rei
260 1657 462 1720 defensiones
485 1659 717 1721 inserebantur.
762 1658 805 1721 Ea
826 1664 929 1720 autem
943 1664 1010 1721 erat
1022 1659 1070 1720 vis
1092 1664 1186 1739 atque
1204 1665 1316 1741 potes-

114 1768 163 1824 tas
188 1760 390 1822 formularum
411 1761 443 1820 in
467 1761 643 1822 actionibus
665 1760 866 1822 instituendis
890 1763 977 1823 etin
1004 1763 1128 1825 iudiciis
1152 1781 1315 1846 peragen-

115 1862 176 1939 dis,
198 1867 233 1922 ut
254 1861 356 1924 omnia
380 1861 447 1922 lere
471 1861 508 1923 ab
531 1863 570 1924 iis
591 1861 784 1943 penderent3
815 1863 899 1925 unde
928 1865 1102 1927 secundum
1126 1865 1206 1928 banc
1238 1882 1317 1947 pro-

116 1963 250 2028 cedendi
276 1963 428 2026 rationem
448 1981 560 2045 magna
585 1969 653 2026 erat
676 1963 864 2025 iudiciorum
887 1963 1058 2041 subtilitas,
1081 1983 1143 2046 qua
1168 1965 1316 2049 neglecta

116 2069 170 2127 aut
190 2079 284 2127 causa
307 2062 437 2142 cadebat
458 2069 556 2140 actor,
578 2071 632 2126 aut
651 2063 747 2126 iudex
759 2064 846 2127 litem
868 2082 955 2128 suam
978 2064 1160 2152 faciebant).
1205 2068 1315 2129 Accu-

116 2165 274 2227 ratiorem-
297 2165 389 2254 buius
420 2165 498 2226 iuris
530 2167 759 2246 expositionem
790 2167 850 2230 hoc
879 2167 951 2232 loco
986 2169 1062 2233 dare
1084 2169 1191 2251 operis
1215 2170 1316 2232 nostri

117 2265 231 2326 finibus
255 2263 508 2354 prohibemurl).
541 2283 544 2288 ·

129 2363 134 2369 ’
159 2373 189 2451 ξ.
203 2365 295 2432 1046.
341 2365 375 2427 ln
398 2383 458 2430 usu
487 2386 689 2449 permansere
719 2371 862 2434 formulae
894 2387 995 2452 usque
1023 2371 1063 2433 ad
1086 2369 1317 2434 Diocletianum

118 2469 342 2551 Imperatorem
366 2469 411 2557 (p.
436 2467 550 2532 Christ.
574 2491 602 2534 a.
625 2471 732 2560 282.);
763 2474 821 2536 sub
846 2491 908 2554 quo
931 2473 1119 2536 iudiciorum
1143 2472 1221 2534 ordo
1244 2489 1316 2534 mu-

117 2577 213 2648 tatus,
236 2569 445 2652 effectumque
460 2579 519 2648 est,
541 2578 575 2633 ut
597 2592 636 2636 ex
656 2591 747 2655 equo
761 2581 793 2636 et
813 2571 896 2639 bono
911 2577 1026 2658 potius,
1048 2591 1140 2654 quam
1161 2573 1200 2634 ad
1218 2572 1316 2636 verba

117 2676 269 2752 concepta
290 2670 363 2733 lites
385 2662 595 2735 tractarentur
605 2674 643 2761 8).
698 2675 748 2738 Et·
769 2683 934 2758 postquam
960 2676 1183 2739 Constantinus
1214 2691 1316 2738 novos

115 2771 319 2854 magistratus
342 2774 521 2836 instituerat
543 2776 771 2857 imperiumque
792 2795 874 2840 novo
898 2777 990 2841 modo
1014 2776 1233 2850 ordinaverat,
1256 2791 1315 2836 an-

117 2872 205 2952 tiqua
226 2872 420 2953 procedendi
440 2891 547 2937 norma
574 2876 667 2956 plane
695 2877 817 2941 inutilis
839 2878 908 2941 lieri
931 2851 1056 2952 deltuit3
1094 2875 1168 2938 inde
1201 2873 1316 2937 lactum

117 2980 177 3051 est,
200 2980 235 3036 ut
255 2975 458 3055 lustinianus,
480 2978 595 3042 abolita
620 2982 704 3043 omni
728 2979 782 3044 illa
806 2980 1009 3044 formularum
1031 2976 1226 3066 subtilitate,
1255 2993 1317 3038 ve-

116 3082 220 3138 terum
241 3077 442 3142 formularum
474 3098 514 3142 ne
546 3084 734 3144 mentionem
757 3081 883 3162 quidem
904 3081 1047 3156 laceret,
1083 3084 1244 3158 totamque
1277 3075 1316 3138 de

116 3178 295 3242 actionibus
317 3178 420 3242 locum
442 3180 483 3242 ita
506 3185 675 3258 tractaret,
705 3188 739 3242 ut
761 3183 986 3244 obscurissima
1008 3179 1198 3242 redderetur
1221 3176 1316 3238 huius

116 3279 197 3341 iuris
220 3281 316 3359 partis
340 3280 489 3356 historie;
521 3283 640 3344 nostris
663 3283 745 3344 enim
769 3281 892 3344 demum
920 3281 1031 3344 diebus
1055 3279 1123 3342 Gaii
1155 3294 1317 3340 commen-

117 3380 209 3442 tariis
222 3386 337 3442 certam
351 3381 501 3444 debemus
516 3383 609 3444 huius
625 3384 812 3465 argumenti,
827 3381 1040 3462 imperfectam
1053 3378 1316 3443 tamennotitiam.
1352 3379 1354 3390 ’

154 3633 183 3700 1)
203 3636 290 3699 Quem
309 3636 429 3702 plurimae
445 3636 620 3687 formularum
639 3636 829 3702 conceptiones
847 3650 864 3685 e
884 3633 953 3687 Gaio
971 3633 1050 3696 nobie
1069 3635 1182 3686 servate
1200 3635 1271 3688 sunt.

151 3707 181 3770 2)
204 3708 263 3760 Gai.
282 3704 310 3758 4.
329 3707 353 3768 ἓ.
371 3705 414 3759 39.
515 3705 543 3772 3)
563 3707 622 3758 Gai.
640 3705 666 3758 4.
687 3705 710 3765 §-
728 3704 772 3758 44.
872 3703 901 3771 4)
921 3705 981 3757 Gal.
997 3704 1024 3758 4.
1045 3704 1068 3764 ἓ.
1087 3701 1213 3758 40.-43.

153 3777 182 3844 5)
202 3779 407 3845 Praescriptionie
425 3780 557 3846 propriam
577 3779 797 3846 significationem
814 3776 908 3830 iterum
919 3778 969 3829 soli
981 3777 1049 3830 Gaio
1063 3776 1202 3828 debemus.
1223 3774 1283 3827 dar.
1291 3772 1317 3827 4.

117 3852 141 3912 §-
161 3848 321 3903 itta-140.
356 3850 427 3901 Vide
447 3851 519 3901 intre
539 3849 561 3908 ἓ.
582 3849 775 3904 1071.-108Ο.

151 3918 180 3986 6)
203 3922 261 3973 Gei.
279 3920 306 3972 4.
324 3921 347 3981 ἓ.
366 3918 488 3974 53.-60.

151 3990 181 4058 7)
201 3993 253 4044 cn.
263 3992 360 4046 Keller
372 3989 541 4053 §md-43.
562 3993 692 4054 Quaedam
712 3993 746 4044 de
757 3994 798 4044 bie
808 3991 916 4044 inferius
934 3990 1120 4042 indicabimus.
1139 3988 1163 4048 d.
1172 3985 1250 4041 1089.
1262 4005 1318 4058 seq.

152 4062 182 4130 8)
202 4065 231 4116 0.
251 4064 274 4116 1.
294 4066 323 4116 0.
342 4062 368 4128 2,
386 4063 421 4118 53
442 4062 490 4131 (de
503 4065 624 4117 formulis
643 4063 775 4130 sublatis).
813 4069 844 4118 0.
856 4066 887 4116 0.
900 4063 1003 4115 Maeror
1021 4059 1316 4125 5444441344)-

115 4136 350 4260 mm'fsffpllm'
371 4137 660 4206 Geriebtaeersceeanq
677 4137 739 4190 und
758 4135 871 4190 Procees
892 4137 939 4189 dee
957 4133 1109 4188 aetnam
1126 4139 1196 4186 rb‘m.
1207 4132 1317 4185 Retebe.

114 4211 195 4262 Bonu
291 4246 297 4259 .
