3062 4972
500 334 698 371 institutione
717 334 790 373 ΙΠΙΙΙ
811 333 914 372 nomi
934 333 1052 372 uniunt.

725 601 791 665 tur.
812 603 868 666 tu.
962 625 964 629 ’

236 797 298 864 Du
320 795 701 865 OBLIGATIONIBUS
724 797 831 878 QUAE
850 797 913 864 EX
935 797 1085 868 VARIIS
1107 797 1353 870 CAUSARUM
1466 812 1470 822 ·

570 897 748 968 FIGURIS
774 897 1014 966 ORIUNTUR.
1119 1003 1122 1012 ,

266 1105 333 1157 urs.
352 1108 373 1156 r.
412 1101 459 1156 oe
480 1101 787 1155 oanreuuromaus
807 1101 889 1164 oum
911 1101 1020 1164 cunsr
1036 1102 1085 1152 ux
1104 1101 1322 1156 conuaaouu

665 1187 923 1256 1186511511)

238 1329 268 1408 ς.
283 1325 354 1391 994.
400 1324 496 1398 Quasi
513 1344 553 1387 ex
569 1330 731 1388 contractu
747 1327 835 1386 nasci
855 1324 1004 1386 dicuntur
1017 1323 1156 1405 quaedam
1170 1323 1396 1406 obligationes,

119 1457 121 1464 1
197 1444 265 1507 quae
287 1432 396 1488 natura
420 1444 474 1487 sua
486 1426 523 1487 ad
547 1444 600 1488 eas
621 1425 786 1502 accedunt,
808 1443 877 1506 quae
891 1444 930 1487 ex
945 1430 1106 1488 contractu
1122 1422 1397 1504 profisciscuntur,

197 1534 228 1588 et
248 1529 379 1589 maxime
408 1526 523 1589 distant
551 1528 588 1588 ab
618 1528 677 1602 iis,
709 1543 778 1612 quae
808 1545 846 1588 ex
878 1525 995 1588 delicto
1024 1526 1228 1588 substantiam
1258 1526 1397 1604 capiunt.

197 1627 418 1690 contractuum
438 1645 568 1689 numero
593 1628 639 1689 hae
663 1627 874 1709 obligationes
898 1645 959 1688 non
988 1633 1078 1702 sunt,
1110 1627 1254 1706 quoniam
1280 1623 1399 1688 nullam
1510 1689 1511 1696 ,

195 1729 227 1788 in
250 1744 285 1788 se
309 1728 547 1790 conventionem
571 1727 789 1810 continent2),
812 1729 843 1788 in
868 1727 992 1789 cacteris
1016 1726 1158 1790 omnibus
1183 1727 1398 1789 contractibus
1510 1709 1511 1742 ³

197 1829 396 1908 aequiparatae
423 1834 496 1888 sunt
523 1834 554 1890 et
575 1827 687 1890 civiles
709 1830 849 1890 actiones
871 1829 1005 1908 pariunt.
1051 1829 1129 1890 Sunt
1151 1832 1255 1889 autem
1279 1843 1398 1902 causae,

197 1927 373 2006 exquibus
397 1927 560 2005 criuntur,
592 1929 659 1990 hae:
697 1931 724 1992 si
747 1931 817 2009 quis
839 1929 977 1990 absentis
1007 1933 1039 1988 et
1067 1929 1243 2008 ignorantis
1268 1928 1398 2009 negotia

197 2029 309 2112 gessit,
329 2029 356 2088 si
380 2029 450 2107 quis
471 2028 600 2090 tutelam
626 2029 728 2114 gessit
750 2028 801 2090 vel
825 2046 951 2105 euram,
964 2030 1037 2090 item
1057 2029 1085 2089 si
1105 2031 1188 2090 inter
1210 2027 1333 2108 aliquos
1356 2027 1399 2089 sit

193 2129 262 2190 sine
285 2127 437 2190 societate
459 2131 644 2192 communio.
677 2129 822 2210 Denique
845 2129 938 2191 heres
961 2130 1137 2210 legatorum
1160 2129 1286 2190 nomine
1302 2133 1333 2188 et
1356 2129 1397 2204 is,

197 2230 247 2291 cui
269 2228 440 2290 indebitum
463 2229 599 2292 solutum
624 2237 683 2308 est,
706 2233 796 2311 quasi
819 2249 858 2292 ex
882 2236 1046 2293 contractu
1067 2230 1250 2312 obligantur
1263 2229 1302 2319 ³).

239 2331 353 2412 §1995
400 2331 431 2394 Si
453 2334 523 2412 quis
545 2333 675 2395 alterius
700 2336 839 2416 negotia,
862 2336 931 2395 sine
954 2332 1108 2409 mandato,
1130 2333 1244 2414 gessit,
1267 2333 1398 2413 placuit,

198 2449 253 2496 cos
276 2433 410 2514 invicem
434 2433 580 2516 obligari,
604 2450 706 2513 eoque
729 2435 853 2495 nomine
875 2433 1006 2514 proditae
1030 2439 1105 2494 sunt
1126 2433 1287 2508 actiones,
1317 2447 1396 2512 quas

195 2533 386 2616 appellamus
412 2535 610 2616 negotiorum
635 2540 812 2618 gestorum,
844 2534 957 2614 quibus
979 2550 1068 2614 aeque
1096 2535 1234 2612 experiri
1263 2539 1397 2613 possunt

198 2636 238 2698 dc
260 2653 309 2711 co,
335 2633 419 2714 quod
442 2653 481 2695 ex
504 2635 586 2696 bona
608 2633 670 2696 lide
691 2634 823 2698 alterum
849 2633 941 2698 alteri
965 2639 1116 2715 praestare
1142 2639 1278 2714 oportet.
1320 2633 1397 2697 ideo

195 2739 298 2798 autem
320 2735 352 2796 id
373 2741 534 2816 receptum
559 2743 617 2812 est,
641 2738 712 2816 quia
734 2735 921 2816 plerumque
943 2753 981 2797 eo
1002 2736 1103 2798 animo
1134 2753 1270 2816 peregre
1295 2733 1396 2814 proii-

195 2839 373 2911 ciscuntur,
398 2837 487 2915 quasi
510 2839 611 2899 statim
633 2837 782 2912 redituri,
807 2855 866 2898 nec
892 2835 930 2898 ob
955 2835 985 2897 id
1009 2835 1065 2897 ulli
1087 2835 1140 2896 alii
1162 2852 1269 2896 curam
1290 2853 1398 2918 nego-

195 2937 309 2998 tiorum
332 2952 460 2998 suorum
487 2937 642 3015 mandant,
667 2937 782 2999 deinde
805 2937 896 3000 novis
921 2937 1025 2998 causis
1048 2935 1335 2997 intervenientibus
1357 2953 1398 2996 ex

198 3037 389 3099 necessitate
424 3037 541 3100 diutius
576 3037 705 3114 absunt,
745 3055 877 3118 quorum
911 3039 1037 3121 negotia
1077 3037 1216 3116 deperiri
1254 3035 1397 3113 iniquum

198 3143 282 3212 crat,
316 3155 385 3218 quae
407 3157 482 3200 sane
505 3140 706 3219 deperirent,
732 3141 759 3202 si
782 3138 834 3200 vel
858 3142 903 3216 is,
934 3140 989 3217 qui
1012 3137 1179 3200 obtulisset
1201 3154 1236 3198 se
1258 3136 1397 3216 negotiis

198 3237 360 3322 gerendis,
385 3239 500 3302 nullam
525 3240 687 3302 habiturus
710 3246 794 3302 esset
817 3241 971 3314 actionem
993 3237 1032 3300 de
1049 3227 1099 3312 eo,
1123 3237 1206 3316 quod
1224 3234 1345 3298 utiliter
1359 3235 1397 3298 de

198 3359 256 3404 suo
282 3341 504 3422 irnpendisset3
537 3340 588 3401 vel
613 3343 640 3402 si
662 3342 705 3416 is,
737 3342 827 3402 cuius
852 3341 979 3423 negotia
1005 3344 1096 3421 gesta
1119 3343 1208 3412 sunt,
1241 3337 1397 3399 adversus

196 3459 278 3517 eum,
299 3443 353 3520 qui
376 3443 546 3503 invasisset
568 3444 697 3542 negotia
722 3443 802 3518 eius,
827 3441 944 3504 nullo
937 3459 1007 3503 rure
1030 3457 1127 3522 agere
1149 3442 1258 3519 posset
1269 3437 1311 3524 ⁴)

239 3547 270 3627 ξ
283 3542 355 3608 996
399 3542 501 3618 Debet
525 3547 638 3618 autem,
660 3543 713 3623 qui
735 3545 845 3625 gessit,
867 3543 1006 3605 rationes
1025 3540 1173 3616 reddere,
1194 3537 1233 3600 ad
1256 3537 1397 3600 exactis-

196 3645 303 3706 simam
332 3643 456 3722 quidem
479 3641 691 3724 diligentiam3
726 3661 789 3706 non
820 3645 901 3708 enirn
930 3641 1047 3704 sufficit
1075 3641 1168 3704 talem
1199 3633 1397 3723 diligentiam

195 3742 364 3818 adhibere,
394 3742 517 3822 qualem
539 3743 606 3804 suis
628 3744 725 3806 rebus
750 3743 901 3806 adhibere
921 3742 1023 3815 solet,
1048 3743 1075 3802 si
1094 3741 1189 3804 modo
1211 3740 1293 3803 alius
1317 3739 1394 3804 dili-

196 3847 322 3928 gentior
344 3845 536 3907 commodius
562 3845 836 3908 administraturus
859 3851 925 3908 erat
940 3815 1068 3928 negotia
1080 3844 1121 3932 ὃ.)
1159 3841 1231 3906 uaeo
1243 3841 1398 3924 obligatio

230 4079 259 4148 1)
278 4082 298 4131 I.
318 4079 343 4143 3,
365 4079 407 4134 27.
430 4084 462 4134 fr.
481 4081 506 4136 5.
524 4085 557 4135 D.
576 4080 620 4146 44,
639 4080 655 4134 7
675 4082 723 4150 (de
743 4085 797 4137 obl.
819 4092 845 4138 et
863 4082 936 4151 aet).

231 4151 260 4215 2)
281 4153 344 4218 Arg.
363 4155 393 4204 fr.
416 4151 440 4207 5.
459 4172 498 4221 pr.
519 4157 545 4207 in
569 4155 694 4206 mediol.
715 4171 738 4206 c.

198 4221 323 4362 (dmg.
337 4221 481 4362 5.)1).,
437 4223 481 4288 44,
498 4223 625 4294 7(an
628 4223 751 4292 ...etA)
776 4223 998 4289 Toatttinetss,
1018 4222 1062 4276 27.
1080 4227 1113 4276 ir
1132 4223 1175 4277 19
1195 4223 1217 4283 ἓ·
1240 4221 1264 4274 1.
1284 4223 1320 4274 D
1339 4219 1402 4286 5,1

229 4311 290 4346 eru
311 4311 367 4346 roua

229 4363 542 4432 4)VerbaGaiiiuir.
560 4367 584 4420 5.
605 4387 643 4435 pr.
664 4373 697 4420 D
717 4366 761 4434 44,
780 4366 804 4421 7.
825 4371 913 4420 nuta.
932 4385 970 4434 pr.
989 4370 1009 4419 1.
1030 4368 1056 4417 h
1075 4373 1093 4418 t
1119 4369 1150 4417 ir.
1170 4363 1196 4417 3
1216 4381 1254 4432 pr.
1282 4365 1317 4416 D.
1336 4362 1364 4428 3
1385 4365 1404 4419 5

194 4435 319 4505 (deneg.
338 4436 439 4505 gestis).
477 4438 621 4506 Magoni.
640 4439 700 4493 356

230 4508 428 4578 5')Verbapr.
448 4511 470 4561 1.
490 4511 516 4561 h.
534 4517 553 4562 1.
572 4511 636 4562 inf.
