3098 4966
562 395 644 434 urens
655 396 687 435 ιι.
697 395 764 436 ram
775 397 805 439 ιι.
818 395 875 439 cna.
888 397 931 436 ιιι.
1114 444 1118 452 ,
1286 391 1339 447 153

132 547 172 592 ea
192 529 305 610 capita,
330 525 445 608 quibus
468 525 642 590 secundum
662 527 769 610 legam
788 534 946 610 precepta
965 531 1141 593 testamenti
1163 530 1337 597 substantia

132 629 327 692 continetur.
372 626 504 690 Heredis
532 633 636 689 autern
665 627 841 704 institutio,
870 630 1047 691 testamenti
1078 634 1168 709 quasi
1191 638 1284 714 caput
1307 640 1339 696 et

132 728 423 818 fundamentum1),
447 735 496 792 est
517 729 617 807 adeo,
638 736 672 792 ut
695 747 787 793 nemo
810 733 922 796 testari
944 731 1097 793 dicendus
1118 734 1175 809 sit,
1200 735 1261 796 nisi
1284 736 1338 814 qui

132 829 285 892 heredem
307 829 465 906 instituit,
490 848 550 892 nec
573 831 721 893 heredem
741 832 907 894 instituere
929 833 1047 912 possit,
1079 835 1140 896 nisi
1161 835 1215 915 qui
1237 840 1338 898 testa-

132 934 272 993 mentum
295 929 412 992 condit.
452 930 682 993 Testamentum
704 933 777 994 indo
800 933 891 995 etiam
911 952 927 995 a
951 933 1105 996 codicillis
1119 934 1336 1017 distinguitur,

132 1032 167 1093 in
190 1030 303 1112 quibus
327 1029 485 1093 hereditas
510 1048 614 1111 neque
640 1032 725 1109 dari,
756 1051 860 1113 neque
882 1033 974 1096 adimi
996 1039 1101 1116 potest
1113 1035 1153 1123 ²).
1199 1033 1288 1108 Quod
1310 1036 1338 1096 si

134 1133 237 1215 igitur
259 1147 446 1210 queramus,
470 1150 509 1196 an
532 1133 636 1195 valeat
657 1141 893 1212 testamentum,
915 1138 1063 1217 imprimis
1086 1137 1337 1202 animadvertere

134 1233 298 1308 debemus,
322 1248 361 1294 an
380 1233 407 1294 is
432 1233 485 1312 qui
508 1233 583 1295 lecit
604 1240 840 1312 testamentum,
872 1236 1017 1298 habuerit
1044 1235 1338 1300 testamentilactio-

133 1353 228 1397 nem:
261 1350 353 1413 quam
377 1333 406 1394 si
428 1332 591 1412 babuerit,
621 1337 819 1417 requiremus
842 1351 881 1398 an
904 1337 1077 1400 seeundum
1103 1336 1232 1420 regulas
1259 1338 1338 1399 iuris

133 1440 268 1498 testatus
291 1435 333 1496 sit
346 1430 387 1519 ³).
1106 1441 1113 1454 ‘

178 1535 346 1598 Videamus
369 1534 460 1596 modo
486 1536 540 1614 qui
562 1540 747 1598 testamenta
772 1537 878 1599 lacere
908 1538 1049 1618 possint,
1078 1532 1245 1616 et'quibus
1270 1542 1339 1599 tes-

134 1637 196 1699 tari
218 1653 282 1698 non
305 1640 347 1699 sit
377 1639 580 1718 permissum3
614 1637 729 1700 deinde
754 1639 794 1700 de
819 1639 1061 1702 solennitatibus
1082 1643 1339 1701 testamentorum

135 1739 211 1824 (seu
232 1736 335 1816 formo
357 1755 466 1800 eorum
489 1738 646 1824 externo),
673 1744 736 1800 tum
761 1740 801 1802 de
823 1741 863 1802 iis
887 1740 1061 1822 capitibus,
1085 1757 1155 1820 quae
1177 1740 1339 1802 continere
1441 1780 1448 1789 -

135 1829 480 1915 testarnenta'debent,
501 1845 537 1900 ut
558 1839 684 1901 valeant
708 1839 823 1926 (formo
843 1841 1000 1928 interno);
1026 1842 1098 1903 item
1120 1841 1159 1903 de
1181 1841 1239 1917 iis,
1270 1857 1339 1920 quae

134 1936 237 2020 vulgo
263 1939 393 2018 insuper
422 1940 454 2000 in
486 1941 680 2002 testamentis
711 1947 899 2017 occurrunt3
933 1943 1069 2022 denique
1098 1941 1137 2004 de
1165 1943 1268 2004 causis
1300 1959 1341 2003 ex

135 2039 251 2120 quibus
274 2045 459 2102 testamenta
480 2041 603 2104 inutilia
624 2048 707 2119 sunt,
729 2050 783 2105 aut
803 2045 1007 2107 infirmantur.

178 2142 209 2221 ξ.
222 2140 294 2206 531.
339 2141 715 2220 Testamentifaotionem,
753 2144 783 2205 b.
808 2163 836 2206 e.
860 2144 997 2206 testandi
1020 2143 1200 2205 facultatem
1223 2143 1340 2205 babent
1448 2215 1450 2220 ¹

134 2241 224 2303 cives
248 2241 420 2328 romani4),
442 2242 754 2324 patresfamiliarum,
777 2245 932 2325 puberes,
957 2244 1071 2324 quibus
1094 2243 1221 2323 plenum
1246 2243 1339 2306 animi

133 2343 285 2406 iudicium
309 2341 358 2405 adt
379 2347 532 2424 tempore,
556 2361 618 2424 quo
643 2349 862 2408 testamentum
884 2344 1039 2407 conditur.

179 2447 210 2527 ξ.
223 2443 296 2510 532.
340 2443 387 2506 Ex
409 2443 483 2527 lege
509 2443 654 2506 Cornelia
678 2450 864 2508 testamenta
887 2461 1014 2523 eorum,
1046 2444 1100 2524 qul
1124 2443 1206 2523 opud
1229 2445 1337 2507 hostes

134 2546 323 2622 moriuntur,
345 2545 462 2622 valent,
478 2545 505 2606 si
520 2551 684 2626 antequam
700 2549 781 2628 capti
796 2547 829 2608 in
844 2545 930 2608 bello
946 2546 1075 2622 luerint,
1098 2546 1205 2607 testati
1223 2549 1286 2608 sint
1297 2546 1337 2632 5).

179 2645 293 2728 §.tes
336 2643 613 2708 Filiislamiliarum
644 2664 771 2726 quoque
801 2652 987 2709 testamenta
1018 2647 1124 2709 lacere
1156 2663 1219 2708 non
1252 2637 1338 2723 licet,

133 2746 198 2810 nisi
220 2745 259 2807 de
282 2746 436 2808 castrensi
461 2751 492 2808 ct
515 2747 604 2826 quasi
633 2747 787 2809 castrensi
809 2747 955 2828 peculio,
983 2763 1141 2828 nunquam
1171 2751 1275 2809 tamen
1298 2747 1338 2810 de

133 2847 226 2910 bonis
249 2846 450 2924 adventitiis,
482 2848 622 2910 etiamsi
645 2847 744 2910 libero
766 2866 874 2910 eorum
897 2847 961 2910 illis
991 2849 1032 2908 sit
1058 2849 1284 2911 administratio
1298 2847 1337 2937 6).

179 2950 211 3030 ς.
225 2947 299 3014 534.
343 2946 525 3028 lmpuberes
547 2965 705 3029 nunquam
725 2967 784 3011 neo
802 2949 1117 3012 auctoritatetutoris
1133 2950 1242 3012 testari
1260 2965 1339 3030 pos-

134 3054 220 3124 sunt,
243 3066 347 3128 neque
363 3055 430 3112 reta
449 3054 522 3110 sunt
539 3055 723 3112 testamenta
740 3056 860 3126 eorum,
882 3055 954 3112 ante
970 3049 1166 3130 pubertatem
1183 3049 1338 3126 conlecta,

134 3148 281 3210 etiamsi
304 3149 442 3230 puberes
465 3150 638 3212 moriantur
660 3150 698 3237 ⁷).

178 3247 295 3330 §.ott
338 3248 477 3311 Puberes
498 3268 576 3313 vero
599 3268 717 3326 omnes,
743 3253 834 3313 etiam
858 3251 971 3332 viginti
1000 3251 1140 3329 quinque
1165 3248 1254 3310 annis
1276 3247 1339 3308 mi-

136 3365 246 3425 nores,
277 3354 365 3410 recte
387 3351 457 3412 sine
487 3357 666 3413 curatorum
696 3369 854 3414 consensu
877 3351 1085 3435 testantur8).
1127 3348 1238 3427 Neque
1260 3365 1338 3410 vero

137 3449 281 3526 furiosis,
305 3469 363 3513 neo
385 3451 528 3534 prodigis
552 3453 661 3514 testari
681 3454 867 3533 permissum
884 3457 948 3530 est,
974 3456 1108 3512 attamen
1121 3453 1338 3512 testamentum

136 3548 319 3626 alurioso,
351 3533 516 3631 antequam
542 3551 650 3614 lurore
673 3557 828 3632 coeperat,
859 3551 911 3614 vel
939 3553 970 3613 in
1000 3549 1139 3613 dilucido
1167 3548 1338 3611 intervallo

136 3647 251 3710 factum
275 3649 370 3728 valet,
395 3651 616 3735 sicut'prodigi
629 3657 857 3730 testamentum,
884 3651 1105 3715 interdictione
1128 3651 1285 3713 vetustius
1298 3649 1337 3737 ⁹).

171 3932 186 3985 l
218 3930 242 3990 §-
261 3928 304 3983 34.
323 3931 344 3982 I.
364 3929 389 3996 2,
408 3930 443 3985 20
462 3927 507 3996 (de
525 3927 641 3998 legatie).

172 4003 189 4055 2
220 4003 264 4053 Fr.
277 4001 325 4126 420.
344 4004 377 4054 D.
396 4000 439 4066 28,
457 3999 474 4054 7
493 3999 540 4070 (de
561 4004 660 4056 condit.
680 3998 810 4067 institut).
830 4001 853 4062 ἓ.
872 4001 897 4054 2.
916 4003 936 4054 Ι.
957 4003 982 4070 2,
1002 4003 1037 4057 25
1056 4002 1105 4070 (de
1124 4003 1276 4074 codicillis).

171 4073 442 4138 aeffi.nbt

170 4145 201 4210 4)
220 4145 263 4196 Fr.
284 4141 310 4196 8.
328 4147 361 4196 D.
382 4146 408 4196 h.
427 4149 446 4195 t.

171 4213 200 4281 5)
221 4215 244 4275 b.
266 4215 327 4268 ot.
346 4217 373 4266 h.
392 4221 410 4266 t.
428 4217 459 4267 r'r.
481 4214 522 4266 12.
541 4217 574 4266 Ι).
593 4215 619 4266 h.
638 4221 656 4267 t.
676 4214 762 4267 tato.
782 4213 822 4268 18.
842 4212 929 4280 mle,
948 4214 981 4269 15
1000 4214 1197 4286 (deceptivus).
1216 4221 1265 4274 Est
1283 4221 1340 4274 heo

135 4287 210 4339 fictio
229 4288 299 4354 legis
317 4288 453 4344 Corneliae.
475 4287 537 4355 Ulp.
556 4287 656 4338 XXlll.
672 4287 697 4339 b.

170 4357 199 4421 6)
219 4360 262 4410 Ρι.
281 4360 302 4410 Ι.
317 4359 343 4410 h.
363 4364 381 4409 t.
400 4361 432 4410 fr.
450 4357 476 4409 6.
496 4376 535 4426 pr.
554 4360 588 4409 D.
608 4359 669 4410 eod.
705 4358 776 4410 Vide
794 4372 874 4424 supra
896 4355 920 4418 §-
935 4355 1093 4412 stt-376.

171 4426 200 4495 7)
222 4428 245 4488 ἓ.
265 4429 289 4482 i.
307 4429 328 4480 I.
345 4431 372 4480 h.
390 4434 409 4480 t.
429 4429 490 4498 Ulp.
507 4431 567 4480 XX.
587 4429 629 4482 12.
650 4427 691 4481 15.
711 4431 741 4480 tr.
761 4429 785 4479 6.
805 4427 847 4480 19.
866 4431 899 4480 D.
922 4430 948 4480 h.
968 4437 987 4482 t.

171 4497 201 4565 8)
219 4501 263 4552 Fr.
282 4499 324 4553 20.
344 4500 367 4561 ἓ.
387 4501 412 4553 1.
430 4503 463 4552 D.
483 4499 526 4566 34,
547 4501 565 4554 3
584 4499 632 4564 (de
648 4502 807 4553 liberatione
824 4497 936 4568 legate).
1303 4552 1305 4556 .

173 4567 202 4638 9)
221 4571 244 4632 ξ.
263 4572 288 4624 1.
308 4572 333 4626 2.
352 4574 372 4624 Ι.
392 4572 459 4625 lbid.
476 4571 538 4641 Ulp.
557 4573 615 4625 XX.
635 4572 678 4626 13.
697 4589 720 4626 e.
738 4574 763 4628 9.
786 4573 815 4624 0.
834 4574 861 4626 h.
879 4578 897 4625 t.
917 4575 949 4626 ir.
972 4571 1013 4626 18.
1031 4591 1071 4642 pr.
1088 4575 1122 4625 D.
1140 4571 1206 4624 ibid.
1330 4623 1335 4632 ,
