3064 4966
205 306 258 362 20⁶2
528 314 728 354 rrrrrrcrmvu
748 314 822 356 ruam
841 315 945 356 acuatu
964 287 1084 356 rarvur'r.

206 466 264 514 sex
285 465 482 514 mensesnon
499 447 677 526 satisdaret,
700 449 774 514 olim
796 449 934 514 secunda
956 451 1066 514 missio
1087 450 1259 531 inproprie
1273 447 1405 512 heredis

206 549 286 614 bona
309 549 377 613 dari
399 548 523 613 solebat
535 551 574 636 1).

249 737 252 746 ⁴
316 736 383 788 TIT.
402 736 449 788 IV.
485 736 533 786 DE
554 733 640 788 mutu
661 733 908 806 succubuerunt
929 735 1039 788 INTER
1056 735 1294 796 Ludtudtrlos.

248 872 279 952 ξ.
294 869 365 934 711.
409 869 589 950 Aliquando
614 871 642 932 si
664 885 745 932 unus
767 868 971 949 expluribus
993 868 1155 953 legatariis
1175 871 1291 949 delicit,
1311 872 1408 955 lega-

206 977 281 1046 tum,
305 971 387 1050 quod
400 970 573 1047 habuisset,
596 972 666 1034 iure
683 969 885 1034 accrescendi
898 969 980 1051 apud
995 969 1233 1053 collegatarium
1249 977 1405 1035 remanet.
1518 969 1520 1050 1

206 1073 347 1153 Antiquo
368 1071 494 1151 quidem
515 1072 586 1134 iure
608 1071 783 1134 deficientis
805 1089 879 1150 pars
906 1071 1111 1153 collegaterio
1131 1073 1348 1148 accrescebat,
1377 1073 1405 1134 si

206 1173 329 1238 duobus
352 1172 405 1236 vel
428 1171 572 1252 pluribus
604 1190 662 1253 per
683 1172 923 1234 vindicationem
953 1171 1063 1235 eadem
1091 1189 1144 1235 res
1172 1172 1277 1255 legata
1306 1178 1406 1248 esset,

205 1273 275 1335 sive
297 1273 487 1336 coniunctim
509 1274 578 1336 sive
603 1273 804 1336 disiunctim:
836 1274 857 1334 i.
880 1291 908 1334 c.
932 1278 993 1334 tam
1015 1274 1043 1334 si
1066 1275 1108 1335 ita
1134 1279 1220 1336 esset
1243 1272 1404 1354 legatum:

209 1373 286 1436 litio
309 1379 338 1433 et
359 1374 429 1437 Seio
451 1373 599 1436 bominem
619 1372 755 1438 Stichum
776 1373 826 1446 do,
852 1372 935 1452 leuc,-
958 1375 1100 1452 quamsi
1123 1376 1183 1436 ita:
1204 1373 1299 1436 tuoto
1323 1373 1404 1436 litio
1519 1377 1520 1402 ³

204 1474 352 1536 bominem
374 1475 506 1540 Stichum
530 1474 569 1538 do
592 1475 676 1554 leuc,
701 1475 771 1540 sete
800 1473 926 1536 medem
951 1473 1098 1536 bominem
1125 1473 1163 1536 dc
1194 1475 1313 1561 10902).
1368 1474 1402 1537 Si
1519 1465 1520 1546 1

205 1594 263 1658 per
284 1575 512 1640 damnationem
534 1577 642 1640 eadem
663 1593 715 1638 res
737 1575 861 1638 duobus
882 1575 1067 1658 pluribusve
1089 1574 1193 1658 legata
1215 1581 1321 1652 esset,
1345 1593 1404 1636 ac-
1519 1565 1520 1622 t

206 1676 371 1740 crescendi
401 1679 461 1740 iuri
492 1694 649 1758 nunquam
680 1677 770 1738 locus
801 1682 886 1740 erat:
917 1677 1050 1738 sienim
1072 1677 1269 1740 coniunctim
1298 1677 1405 1758 legata
1519 1681 1520 1728 t

206 1784 292 1842 esset
312 1795 376 1854 res,
401 1779 539 1860 singulis
561 1785 667 1858 partes
690 1778 895 1855 debebantur,
917 1779 945 1838 si
966 1777 1162 1854 disiunctim‚
1187 1777 1323 1860 singulis
1347 1793 1406 1839 so·
1519 1781 1520 1806 ¹

205 1876 302 1940 lidum
325 1878 498 1942 debebatur
509 1879 548 1965 ³).
594 1879 694 1940 lluius
717 1879 907 1942 discriminis
929 1879 1009 1942 ratio
1025 1879 1057 1940 in
1074 1896 1112 1940 eo
1126 1879 1298 1959 positaest,
1319 1878 1406 1957 quod

204 1979 238 2042 in
260 1977 368 2060 legato
390 1997 447 2060 per
469 1980 713 2042 vindicationem
737 1979 861 2042 duobus
883 1980 935 2042 vel
958 1979 1102 2060 pluribus
1124 1977 1254 2056 relicto,
1288 1979 1409 2061 singuli

206 2082 304 2140 totum
329 2079 446 2141 babent
474 2086 505 2142 et
527 2098 684 2144 concursu
707 2087 824 2142 tantum
851 2097 904 2142 res
927 2080 1029 2142 divisa
1050 2079 1149 2160 est4).
1194 2079 1226 2142 Si
1248 2096 1326 2141 vero
1350 2097 1409 2160 per

204 2177 434 2243 damnationem
454 2179 603 2264 legetur,
635 2181 706 2244 idec
730 2186 851 2258 cessat,
884 2182 957 2260 quia
978 2179 1133 2242 damnatio
1155 2185 1261 2260 partes
1284 2178 1407 2261 iacit5).

245 2283 275 2362 ξ.
288 2279 359 2344 712.
407 2279 495 2354 Quod
524 2289 628 2344 autem
658 2281 864 2357 dictumest,
898 2279 1073 2342 deficientis
1097 2279 1273 2359 portionem
1295 2280 1327 2342 in
1349 2297 1407 2360 per

203 2379 429 2444 damnationem
452 2383 577 2462 quidem
589 2382 695 2466 legato
721 2385 752 2444 in
772 2380 946 2444 hereditate
968 2381 1169 2456 remansisse,
1196 2379 1227 2441 in
1248 2397 1306 2460 per
1329 2381 1404 2442 vin-

204 2481 392 2545 dicationem
415 2501 491 2546 vero
512 2484 718 2567 collegatario
742 2485 940 2558 accrevisse,
970 2481 1157 2544 admonendi
1190 2497 1297 2544 sumus
1330 2487 1404 2544 ente
1518 2491 1519 2536 t

206 2583 310 2666 legem
332 2581 452 2666 Papiam
474 2585 545 2648 iuro
567 2585 654 2651 civili
681 2587 723 2646 ita
747 2583 866 2647 luisse:
889 2589 960 2666 post
985 2581 1089 2665 legem
1112 2580 1321 2662 veroPupiam
1344 2580 1404 2644 de-

204 2683 338 2748 licientis
366 2687 469 2765 portic
491 2686 610 2749 caduca
633 2685 736 2764 liebat,
759 2690 790 2748 ct
811 2684 849 2746 ad
872 2701 927 2746 eos
949 2682 1139 2766 pertinebat,
1164 2683 1218 2761 qui
1231 2681 1263 2744 in
1276 2697 1314 2742 ec
1333 2686 1402 2744 tes-

204 2790 340 2848 tamento
361 2786 477 2848 liberos
510 2785 666 2848 habebant
681 2785 718 2871 6).
764 2784 888 2848 Caduca
917 2789 1020 2846 autem
1054 2799 1124 2844 cum
1154 2783 1221 2844 suis
1252 2783 1403 2846 oneribus

203 2885 442 2948 vindicabantur
455 2885 491 2970 7).
535 2885 568 2949 Si
591 2886 699 2966 plures
724 2891 832 2948 essent
856 2883 1054 2968 collegatarii
1077 2885 1110 2946 iu
1127 2888 1325 2961 testamento,
1348 2885 1403 2964 qui

203 2985 322 3048 liberos
345 2985 507 3064 baberent,
530 2987 715 3050 coniunctus
738 2989 843 3068 potior
862 2987 968 3067 erat⁸)
986 2987 1008 3048 i.
1026 3004 1054 3048 e.
1078 2991 1139 3050 tam
1162 2985 1211 3062 is,
1235 2985 1347 3064 quire
1370 2989 1402 3048 et

205 3086 313 3148 verbis
335 3089 522 3149 coniunctus
545 3087 648 3175 esti),
682 3105 774 3168 quam
805 3088 859 3168 qui
881 3085 987 3148 verbis
1009 3081 1127 3148 tantum
1157 3091 1226 3148 eret
1247 3086 1402 3146 coniunc-

204 3195 255 3250 tus
268 3187 319 3274 10).
348 3187 387 3250 Et
409 3188 493 3265 ideo,
518 3188 601 3268 quod
624 3188 663 3251 ad
685 3189 745 3250 boc
766 3189 828 3264 ius,
853 3187 937 3268 quod
958 3185 1032 3269 lege
1041 3185 1130 3266 Papia
1151 3185 1402 3247 constituebatur

204 3290 392 3367 coniunctis,
407 3290 450 3352 nil
472 3291 639 3354 intererat:
660 3296 763 3353 utrum
785 3308 843 3370 per
866 3288 1109 3351 vindicationem
1131 3306 1169 3350 en
1191 3305 1249 3368 per
1271 3287 1402 3350 damna-

203 3393 319 3455 tionem
340 3392 480 3475 legetum
503 3398 588 3454 esset
601 3392 655 3480 1³).

241 3653 268 3723 1)
287 3657 330 3708 Fr.
348 3654 374 3708 5.
393 3654 416 3716 ἐ.
432 3652 545 3708 16-19.
565 3649 595 3704 D.
615 3655 641 3705 h.
661 3657 678 3704 t.
698 3648 798 3720 (36,4).
818 3651 884 3704 Heca
901 3649 990 3703 missio
1008 3649 1035 3702 in
1049 3665 1105 3702 rem
1122 3652 1250 3715 tunquam
1268 3645 1405 3711 super-llus

206 3729 307 3781 abolita
328 3734 368 3780 est
387 3743 404 3777 a
421 3725 567 3780 Iustinlcno
585 3725 613 3777 in
633 3741 656 3776 c.
677 3723 701 3777 1.
723 3729 749 3776 et
767 3721 791 3774 3.
810 3723 832 3783 ἓ.
852 3723 876 3775 2.
897 3722 925 3773 G.
946 3721 971 3783 6,
991 3719 1026 3773 43
1046 3718 1210 3782 (communia
1226 3715 1329 3784 legat).

239 3797 269 3866 2)
290 3799 349 3851 dat.
371 3797 395 3850 2.
415 3799 438 3859 ἓ.
458 3797 517 3851 199.
542 3796 604 3863 Ulp.
624 3794 667 3849 24.
687 3796 709 3856 ἓ.
722 3794 763 3846 12.
786 3797 832 3846 cfr.
852 3799 878 3846 st
892 3794 978 3846 Velio.
997 3794 1047 3844 lur.
1065 3808 1132 3844 rom.
1141 3793 1236 3856 fragm.
1256 3785 1402 3848 §.to-88.

207 3873 252 3924 cfr.
272 3870 391 3938 Anotyse
412 3871 557 3936 historiques
580 3869 618 3922 dat
637 3871 710 3921 droit
730 3868 963 3920 d’oecrcr'aaement
981 3873 1058 3916 entre
1075 3865 1302 3928 denominamur
1322 3857 1404 3909 ΜΔ.

207 3946 237 3997 (1.
256 3943 374 3995 Hotte'rte.
392 3940 475 4007 Iribge
486 3937 561 3991 1830.
581 3945 607 3991 et
627 3938 802 4001 Mccbetord,
823 3938 1073 4006 Rsvwebr'otorr'quo
1094 3934 1132 3987 du
1149 3934 1222 3986 droit
1245 3936 1262 3982 t.
1275 3931 1321 3981 111.
1343 3927 1404 3981 161.

206 4012 267 4067 305.
288 4010 350 4065 401.
369 4017 386 4064 1.
406 4012 451 4064 IV.
471 4011 494 4062 1.
514 4010 576 4064 309.
592 4008 654 4063 429.
674 4008 735 4063 545.
776 4060 779 4068 ,
1037 4061 1041 4071 ,

241 4082 268 4148 3)
290 4083 353 4152 Ulp.
374 4081 416 4135 24.
436 4083 459 4142 ἓ.
479 4081 521 4135 13.
555 4082 614 4134 Gai.
634 4081 659 4134 2.
679 4081 701 4141 ἓ.
720 4077 781 4133 205.
807 4080 868 4130 Vct.
892 4079 1069 4146 dragmis.
1094 4074 1118 4135 §-
1137 4071 1180 4127 85.
1201 4067 1245 4126 87.
1281 4073 1322 4123 Da
1346 4072 1406 4124 lure

205 4155 375 4210 accrescendi
394 4156 422 4206 in
438 4155 546 4224 reliquis
564 4155 714 4220 legatorum
734 4151 881 4219 generibus.
901 4151 947 4202 afr.
967 4149 1027 4202 Get.
1048 4148 1070 4210 ἓ.
1093 4143 1153 4199 215.
1174 4141 1235 4197 223.

239 4223 269 4289 4)
288 4228 331 4278 Fr.
351 4225 376 4279 3.
397 4243 435 4293 pr.
453 4227 486 4277 D.
505 4225 531 4289 8,
549 4224 566 4275 2
585 4223 632 4288 (de
652 4221 810 4286 usufructu).
909 4218 938 4286 5)
957 4222 1091 4274 Vaticana
1109 4217 1132 4278 ἐ.
1151 4215 1194 4270 85.
1213 4215 1295 4266 initio.
1517 4253 1518 4274 ,

239 4295 268 4363 6)
291 4298 350 4351 dal.
371 4298 396 4350 2.
416 4297 438 4356 ἓ.
458 4295 517 4350 206.
544 4296 606 4363 Uip.
626 4297 644 4345 l.
666 4312 689 4347 c.
716 4291 866 4354 01213.
906 4291 966 4345 aar.
984 4292 1009 4344 2.
1030 4292 1053 4352 §-
1072 4287 1133 4344 286.
1169 4287 1276 4354 rregm.
1296 4285 1330 4337 de
1348 4285 1406 4336 iura

204 4371 270 4434 dsol,
287 4375 348 4437 post
371 4368 430 4421 Gai.
450 4366 473 4426 ἓ.
488 4366 513 4420 3.
532 4367 594 4435 Ulp.
613 4366 711 4418 XVIII.
967 4389 970 4395 ·

237 4437 266 4506 7)
286 4441 348 4508 Ulp.
366 4439 450 4489 xvrl.
468 4436 493 4490 3.
514 4443 540 4491 et
557 4439 734 4503 interpoletur,
751 4438 782 4488 ir.
801 4433 845 4487 60.
864 4434 907 4488 90.
924 4434 959 4483 D.
977 4430 1021 4484 32.
1091 4428 1109 4484 8
1142 4430 1201 4483 dai.
1220 4427 1245 4480 2.
1265 4425 1288 4486 §-
1306 4422 1368 4476 207.

238 4509 266 4578 9)
286 4513 329 4564 Fr.
350 4508 394 4562 80.
415 4511 449 4562 D.
468 4506 511 4561 32.
614 4503 659 4573 10)
677 4509 720 4560 sr.
739 4505 782 4560 89.
801 4524 840 4574 pr.
859 4507 892 4557 D.
911 4504 972 4557 eod.
1073 4501 1106 4554 11
1140 4501 1200 4554 (tet.
1219 4497 1245 4551 2.
1264 4496 1287 4559 b.
1307 4495 1368 4550 808.
