3098 4966
544 377 623 415 nunna
639 377 671 415 u.
689 377 756 414 unns
775 378 795 415 r.
817 377 877 416 dtr.
894 378 937 418 ur.
1290 371 1341 426 123

134 508 198 570 Per
220 523 316 570 unuin
338 506 458 570 socium
481 505 636 568 communi
660 504 729 568 solo
751 505 890 567 servitus
911 507 1033 585 acquiri
1054 523 1117 570 non
1139 515 1260 589 potest,
1282 510 1340 575 sed

135 615 204 670 tum
228 607 351 672 demum
375 608 543 671 constituta
571 605 712 668 habenda
741 611 808 683 est,
841 624 910 669 cum
943 624 1051 670 omnes
1082 610 1198 688 praedii-
1222 612 1340 677 domini

134 711 359 772 consenserint
373 709 413 795 1).
457 706 663 770 Ususlruotus
695 724 772 769 vero
800 723 858 788 pro
889 713 978 788 perte
1000 707 1102 772 divisa
1126 709 1180 772 vel
1203 711 1339 776 indivisa

134 811 286 874 constitui
310 815 416 891 potest
428 808 470 894 ²).
514 808 655 888 Ideoque
685 812 716 870 et
738 809 770 870 in
790 827 826 870 re
847 811 1002 871 communi
1026 809 1253 874 usumfructum
1284 832 1341 876 ac·

135 911 267 992 quirere
291 926 460 992 possumus
486 927 544 990 pro
575 913 663 989 parte
693 909 834 986 scilicet,
867 927 927 989 qua
956 927 1009 972 res
1040 910 1142 974 aliena
1174 919 1233 974 est.
1279 913 1340 979 Sed

133 1013 293 1074 communi
307 1010 426 1092 praedio
439 1027 544 1090 neque
563 1011 697 1090 imponi,
721 1027 824 1089 neque
848 1011 969 1090 acquiri
991 1012 1131 1074 servitus
1154 1019 1260 1093 potest
1281 1035 1339 1096 per

133 1131 219 1192 enm,
243 1115 298 1194 qui
321 1117 353 1174 et
374 1111 507 1174 alterius
531 1109 640 1190 praedii
665 1110 809 1172 dominus
833 1116 898 1188 est,
924 1127 994 1172 cum
1017 1111 1100 1192 quod
1122 1130 1176 1174 res
1197 1131 1254 1178 sua
1277 1134 1338 1179 ne-

133 1217 211 1278 mini
232 1217 344 1290 servit,
368 1219 433 1274 tum
447 1212 531 1294 quod
549 1229 606 1292 pro
623 1217 712 1292 parte
729 1212 868 1274 servitus
883 1213 994 1292 praedii
1012 1215 1159 1276 constitui
1176 1218 1285 1296 nequit
1298 1217 1337 1304 ³).

175 1315 290 1400 §.434
333 1315 479 1394 Denique
493 1313 654 1376 sciendum
678 1319 737 1388 est,
760 1313 931 1375 servitutes
952 1314 1021 1393 ipso
1045 1313 1170 1394 quidem
1185 1317 1255 1378 iure
1278 1334 1339 1378 ne·-

132 1435 197 1500 que
222 1436 263 1479 ex
286 1423 447 1496 tempore,
470 1414 635 1494 nequead
658 1420 799 1494 tempus,
822 1431 927 1492 neque
950 1413 1009 1476 sub
1032 1413 1212 1477 conditione
1234 1434 1339 1496 neque
1376 1421 1382 1434 '

133 1519 175 1581 ad
195 1524 314 1580 certam
337 1516 560 1590 conditionem,
583 1515 681 1575 veluti
702 1512 978 1594 queamdmodum,
1001 1515 1150 1577 constitui
1173 1533 1284 1596 posse:
1308 1519 1336 1580 si

132 1625 239 1681 tamen
264 1617 332 1679 lraec
354 1616 559 1691 adiiciuntur,
590 1633 647 1696 por
674 1615 756 1696 pacti
788 1615 839 1676 vel
865 1633 921 1696 per
948 1614 1015 1676 doli
1039 1616 1255 1696 exceptionem
1281 1635 1338 1680 oo-

134 1721 284 1781 curretur
301 1723 410 1780 contra
426 1717 540 1798 placita
556 1718 741 1778 servitutem
761 1715 942 1778 vindicanti.
987 1713 1111 1822 llodum
1127 1721 1229 1778 autem
1245 1715 1337 1780 adiici

130 1836 230 1902 posse
254 1817 422 1899 constat4).

178 1917 293 2002 §.eet
337 1915 527 1980 Prndiorum
556 1917 728 1978 servitutes
761 1917 852 1978 etiam
880 1915 978 1997 longa
1012 1917 1100 1996 quasi
1131 1917 1337 1996 possessione

131 2023 352 2101 acquiruntur.
396 2016 532 2104 Usucapi
551 2017 624 2078 olim
640 2034 703 2078 non
721 2021 877 2096 poterunt,
902 2015 952 2077 vel
968 2017 1107 2096 quiores
1121 2017 1336 2096 incorporales

131 2119 286 2208 aranti),
319 2118 371 2182 vel
403 2117 487 2198 quod
514 2135 577 2180 non
601 2118 752 2179 continuo
776 2116 1079 2202 possidebanturl),
1110 2121 1141 2178 et
1168 2117 1206 2178 ob
1230 2117 1334 2200 legem

129 2219 376 2306 Scriboniam),
400 2236 471 2299 quae
487 2217 640 2280 eiusmodi
657 2219 878 2296 usucapionem
894 2215 1077 2278 sustulerat.
1102 2215 1213 2280 Postea
1230 2223 1333 2280 autem

129 2321 278 2398 invaluit,
299 2327 344 2398 ut,
365 2319 393 2384 si
420 2321 490 2400 quis
514 2319 662 2381 diuturno
688 2335 747 2380 usu
770 2324 801 2379 et
823 2318 917 2400 longa
942 2319 1032 2398 quasi
1056 2319 1261 2398 possessione
1282 2321 1331 2382 ius

128 2423 259 2506 aliquod
283 2424 316 2485 iu
336 2421 455 2502 praedio
477 2421 582 2483 vicino
607 2427 716 2482 nactus
740 2425 836 2495 esset,
859 2437 921 2481 non
944 2420 973 2480 ei
997 2436 1130 2480 necesse
1155 2425 1251 2496 esset,
1275 2420 1335 2482 do-

130 2541 207 2588 cere
234 2523 274 2586 de
296 2525 386 2599 iure,
419 2539 483 2602 quo
507 2520 585 2583 illud
608 2523 810 2583 constitutum
833 2522 891 2582 sit:
928 2539 997 2582 nam
1027 2519 1112 2581 utilis
1142 2521 1172 2581 ei
1203 2519 1336 2582 dabutur

130 2625 234 2702 aetio,
260 2627 294 2684 ut
317 2621 519 2685 ostenderet:
545 2641 602 2702 per
626 2639 724 2685 annos
747 2621 829 2684 forte
851 2627 897 2683 tot
920 2637 1010 2682 usum
1034 2637 1069 2682 se
1094 2622 1250 2682 servitute
1272 2637 1335 2684 non

131 2729 179 2804 vi,
201 2741 264 2789 uon
286 2725 384 2800 clam,
407 2741 466 2786 nec
488 2723 632 2804 precario
645 2723 685 2812 ⁸).
730 2721 795 2785 Hoc
817 2725 866 2784 ius
888 2741 905 2784 a
925 2720 1097 2784 Iustiniuno
1121 2721 1335 2784 confirmatum

133 2831 205 2904 est,
238 2825 328 2888 etad
355 2823 592 2886 similitudinem
617 2825 745 2888 dominii
767 2842 826 2904 per
846 2825 1115 2905 proscriptionem
1145 2821 1253 2886 decem
1282 2822 1335 2886 vel

130 2928 250 3011 viginti
271 2944 423 2990 annorum
447 2927 631 3006 acquirendi
654 2928 695 2988 ita
717 2925 895 3002 definitum,
925 2932 959 2986 ut
980 2927 1020 3002 is,
1043 2925 1097 3005 qui
1122 2942 1160 2987 eo
1184 2925 1334 3006 temporis

128 3029 234 3110 spatio
258 3027 443 3090 servitutem
466 3045 526 3088 nec
548 3027 591 3102 vi,
616 3043 675 3088 nec
697 3025 787 3103 clam,
811 3043 870 3088 nee
892 3025 1038 3106 precario
1063 3027 1279 3102 exercuisset,
1303 3031 1334 3087 et

128 3127 224 3193 simul
247 3144 305 3189 suo
324 3129 395 3189 iure
413 3127 458 3188 uti
479 3125 677 3203 credidisset,
701 3145 767 3188 eam
781 3126 991 3206 acquisivisse
1006 3129 1091 3187 esset
1104 3124 1282 3186 censendus
1292 3123 1333 3210 9).

130 3229 252 3290 lustum
277 3226 401 3290 titulum
426 3225 608 3308 praecedere
637 3225 771 3302 debere,
803 3241 957 3304 nusquam
981 3223 1173 3304 praecipitur.
1218 3223 1334 3285 Usum-

127 3331 267 3395 fructum
292 3333 489 3406 ceterasque
523 3343 729 3407 personarum
765 3323 935 3386 servitutes
969 3324 1027 3385 huc
1061 3323 1149 3405 longi
1182 3326 1332 3405 temporis

126 3429 368 3514 prescriptione
389 3427 432 3490 ita
455 3443 551 3508 posse
574 3428 713 3506 acquiri,
744 3424 829 3486 nulla
854 3425 927 3508 lege
951 3431 1102 3502 cavetur,
1127 3425 1269 3505 quamvis
1294 3442 1333 3487 er

165 3691 259 3758 1)Fr.
278 3693 320 3748 11.
341 3690 371 3747 D.
391 3693 450 3758 8,1
471 3691 626 3761 (decern.)
644 3692 710 3746 fr..5
727 3693 753 3747 6.
773 3693 830 3755 52.
853 3689 883 3746 D.
903 3693 928 3758 8,
946 3692 965 3746 4
984 3693 1032 3760 (tit.
1052 3689 1116 3758 cit).
1133 3695 1164 3744 fr.
1183 3690 1225 3747 19.
1242 3694 1274 3745 ir.
1286 3691 1331 3745 32.

127 3761 163 3817 D.
182 3762 357 3832 8,3((1ο8.
375 3767 405 3817 P.
423 3762 477 3830 R.)
858 3809 862 3818 ,

164 3835 194 3902 2)
212 3838 255 3889 Fr
273 3833 298 3889 5.
319 3833 349 3888 D
368 3835 491 3902 7‚1(de
510 3833 612 3904 usuir)

164 3905 256 3974 )Fr.
276 3905 300 3959 8,
320 3908 343 3968 5.
363 3907 386 3960 1.
408 3905 518 3970 1).8,1
541 3905 697 3973 (decern.)
716 3909 747 3959 ir.
766 3906 809 3960 26,
831 3909 863 3958 D.
882 3903 909 3970 8,
929 3905 1094 3994 2(chP.
1114 3901 1170 3972 11.).

163 3977 256 4045 4.)Fr
275 3977 302 4030 4.
319 3997 358 4046 pr.
379 3978 402 4038 5,
422 3979 446 4030 1.
465 3980 489 4032 2,
509 3981 543 4030 D.
563 3981 589 4031 h.
607 3986 624 4031 t.
661 3981 710 4032 Est
727 3980 780 4030 hoc
798 3979 939 4045 vestigium
957 3979 1080 4031 veteris'
1072 3979 1155 4042 ruris,
1180 3994 1233 4046 quc
1252 3980 1333 4031 servi-

125 4056 198 4106 tutes
217 4051 322 4102 nonnisi
343 4067 391 4118 per
410 4051 464 4100 ln
456 4067 513 4102 rure
530 4052 676 4104 cessionem
696 4052 740 4102 uel
759 4051 984 4116 mancipationem
1005 4051 1241 4103 constituebantur.
1267 4051 1331 4102 Pro·

125 4124 197 4176 mitti
213 4123 262 4174 sub
283 4123 326 4174 dic
345 4123 388 4175 vel
407 4122 560 4175 conditione
579 4123 690 4176 servitus
708 4127 803 4189 potest.
821 4125 852 4173 fr.
871 4118 915 4172 88.
934 4124 967 4172 D.
989 4119 1033 4186 45,
1052 4123 1067 4174 1
1089 4120 1132 4186 (D
1155 4123 1186 4174 V.
1207 4117 1260 4186 0..)

164 4189 1243 4260 5)1ἰ43,511)41,1(11348,1).)1).8,Ι).41,3(ᾱοιιειιτρ.).

164 4261 194 4330 6)
213 4265 256 4316 Fr.
275 4262 316 4316 14
335 4279 374 4330 pr
393 4266 427 4315 D.
447 4260 474 4327 8,
492 4264 505 4316 1
529 4262 576 4330 (de
596 4261 689 4342 serv),
901 4303 905 4310 ,

162 4333 193 4400 7)
212 4335 255 4386 Fr.
273 4334 300 4387 4.
319 4334 342 4393 5,
358 4335 400 4390 28.
419 4337 453 4387 D.
471 4333 515 4398 41,
535 4333 620 4401 3(de
639 4353 713 4388 usuc.
732 4340 758 4386 ot
782 4334 913 4401 usurp..)

135 4403 192 4471 ·8)
215 4407 267 4458 Fr.
283 4403 324 4458 10.
344 4423 383 4473 pr.
405 4407 439 4458 D.
458 4405 484 4470 8,
502 4371 520 4458 4
539 4403 586 4472 (dc
605 4423 672 4458 serv.
691 4403 794 4474 petet).
814 4408 846 4457 tr.
867 4403 892 4458 5,
911 4407 979 4460 lr.8.
997 4409 1029 4460 D.
1049 4405 1093 4470 43,
1112 4405 1146 4458 18
1172 4403 1220 4473 (de
1238 4347 1329 4458 itincre

125 4482 245 4545 actuque
262 4477 387 4544 privato)
405 4479 437 4528 fr.
459 4476 482 4529 1
502 4476 526 4538 5.
546 4477 588 4530 23.
607 4480 640 4530 D.
659 4477 703 4541 38,
721 4475 806 4544 3(de
825 4485 935 4546 equaet
953 4495 1025 4548 equa
1043 4475 1161 4546 pluvia).

164 4545 194 4614 8)
212 4549 256 4600 Fr.
276 4549 339 4616 Arg
358 4565 381 4602 c.
400 4547 426 4600 1.
446 4547 537 4613 (133,
557 4547 573 4600 3
593 4544 727 4614 (deserv.
747 4545 883 4618 stoque).
