3064 4966
213 349 266 407 240
380 403 383 408 ,
533 355 732 395 ιιιτιτυῐιοιιι
749 354 824 396 tuan
843 355 946 393 aornar
965 354 1086 394 ruriam.

215 495 275 555 liar
296 497 490 571 susceperat.
536 489 826 564 illocalitatem,
863 487 930 550 boeo
962 487 1153 550 institutoria
1178 491 1260 560 actio
1288 489 1328 552 ab
1353 491 1415 552 bo-

213 593 333 655 dierais
355 591 532 672 appellatur
546 591 583 676 ¹).

667 781 670 788 ¹
695 791 942 804 m·—

745 1009 877 1072 cursil
980 1071 983 1080 ,

304 1193 377 1256 os«
391 1189 774 1258 osnrcamonmus
798 1187 907 1272 oum
926 1189 984 1256 aa
1006 1185 1319 1270 nonannoeane

605 1295 1026 1384 cenomannense).

528 1490 637 1542 arun
672 1490 721 1540 on
741 1487 860 1542 mucul
878 1485 1078 1552 bertonus).
1098 1539 1104 1544 .

253 1625 367 1710 §.830.
412 1625 456 1685 Re
480 1621 672 1686 contrahitur
695 1623 794 1684 mutui
826 1625 921 1684 datio.
977 1623 1032 1684 Est
1059 1627 1162 1684 autem
1185 1623 1282 1684 mutui
1313 1623 1416 1710 datio,

211 1732 238 1792 si
258 1745 323 1804 res,
346 1743 416 1807 quae
438 1725 590 1806 pondere,
613 1741 756 1802 numero,
780 1741 927 1786 mensura
944 1729 1098 1802 constant,
1121 1718 1213 1787 alteri
1234 1725 1354 1800 damus,
1379 1729 1416 1784 ut

211 1830 392 1910 accipientis
426 1826 516 1902 liant,
548 1827 708 1906 recepturi
738 1824 926 1906 quandoque
961 1845 1067 1906 parem
1099 1826 1239 1888 eiusdem
1281 1825 1415 1908 generis

214 1935 245 1992 et
265 1927 414 1990 bonitatis
436 1927 650 2006 quantitatem.
697 1925 847 1988 Consistit
867 1928 965 1987 mutui
988 1927 1073 1990 datio
1095 1928 1186 1989 iniis
1211 1927 1317 2008 rebnS,
1339 1943 1413 2004 quae

211 2033 244 2093 in
267 2047 387 2112 genere
409 2029 509 2110 magis
533 2027 724 2089 functionem
746 2027 915 2107 recipiunt,
940 2045 1030 2107 quam
1055 2029 1087 2088 in
1108 2027 1231 2108 specie,
1255 2025 1356 2087 veluti
1379 2028 1411 2086 in

212 2132 298 2207 vino,
323 2125 413 2206 oleo,
428 2127 597 2204 frumento,
619 2145 708 2204 auro,
733 2145 807 2204 ere,
827 2133 972 2210 argento,
993 2129 1125 2209 pecunia
1149 2131 1320 2190 numerata.
1344 2124 1412 2186 Cu-

214 2233 263 2294 ius
287 2233 416 2314 generis
436 2247 488 2292 res
511 2229 634 2308 dantur,
656 2234 691 2290 ut
714 2229 934 2310 accipientium
957 2229 1048 2305 fiant3
1068 2247 1165 2309 quare
1181 2230 1270 2291 etiam
1282 2227 1413 2290 Romani

215 2331 334 2409 dicunt,
358 2337 497 2392 mutuum
523 2349 561 2392 en
586 2349 624 2392 eo
648 2348 719 2392 esse
743 2335 904 2396 vocatum:
928 2317 1073 2411 quod'cx
1093 2336 1269 2393 meatuum
1290 2327 1391 2414 liat4).

254 2431 367 2516 §.83L
411 2431 510 2492 liutai
531 2429 615 2493 datio
637 2447 712 2492 vera
734 2431 881 2492 alienatio
905 2437 971 2508 est,
1004 2437 1035 2493 et
1059 2431 1173 2494 nummi
1201 2430 1280 2507 dati,
1304 2433 1413 2490 mutu-

212 2535 292 2596 antis
317 2533 460 2614 periculo
483 2540 557 2596 sunt
587 2533 729 2614 perlecto
764 2539 925 2595 contractu
955 2533 985 2595 h.
1010 2551 1038 2594 e.
1072 2532 1151 2594 iacta
1182 2533 1412 2607 numeratione,

213 2651 275 2715 qua
308 2631 453 2714 expletur
479 2633 572 2696 huius
603 2633 805 2716 obligationis
830 2634 1022 2708 substantia3
1060 2633 1132 2714 quia
1161 2652 1224 2696 non
1248 2635 1280 2694 in
1304 2634 1413 2713 specie

212 2751 265 2798 eas
287 2751 340 2796 ras
358 2735 497 2796 restituit
519 2740 681 2812 mutuans,
708 2735 763 2797 sed
786 2753 875 2816 aque
896 2735 1010 2797 bonum
1024 2733 1063 2824 Β).
1107 2733 1217 2816 Neque
1239 2753 1316 2797 vero
1340 2735 1413 2816 plus

213 2836 363 2910 restituit,
388 2851 478 2914 quam
500 2835 582 2914 quod
609 2837 740 2916 accepit,
766 2836 985 2922 ideoquenec
1009 2853 1133 2914 usuras,
1157 2837 1312 2918 nisique
1337 2852 1416 2919 spe-

214 2933 286 2997 ciali
307 2932 509 3013 stipulatione
531 2935 694 3014 promissae
720 2938 843 3023 sonti).

258 3039 286 3117 ξ.
302 3033 373 3098 832.
418 3033 493 3096 Cum
516 3037 614 3096 mutui
638 3035 721 3098 datio
744 3036 891 3122 alienatio
914 3038 964 3113 sit,
986 3039 1026 3112 ii,
1050 3037 1164 3116 quibus
1187 3035 1326 3097 alienare
1352 3050 1416 3094 non

214 3133 299 3211 lieet,
322 3139 457 3196 mutuam
482 3135 558 3198 dare
578 3138 742 3216 pecuniam
763 3155 826 3202 non
849 3143 998 3220 possunt,
1025 3157 1093 3200 oum
1116 3138 1217 3201 dando
1241 3155 1307 3200 eam
1327 3137 1417 3198 aeci-

216 3235 332 3316 pientis
354 3253 417 3298 non
440 3235 566 3313 faciant,
591 3237 692 3299 veluti
714 3239 741 3300 si
764 3239 905 3320 pupillus
928 3240 997 3301 sine
1019 3241 1204 3302 auctoritate
1220 3237 1333 3299 tutoris
1356 3255 1417 3318 pe·

217 3339 339 3400 cuniam
364 3336 545 3399 crediderit.
591 3337 670 3410 Quid
695 3357 775 3422 ergo
789 3341 869 3402 iuris
893 3346 941 3402 est
963 3341 996 3401 ia
1012 3339 1164 3402 eiusmodi
1187 3337 1293 3400 casu?
1313 3337 1417 3400 Num·
1513 3319 1514 3332 ¹

216 3455 283 3500 mos
305 3443 464 3500 exstantes
487 3439 666 3516 vindicant,
676 3447 880 3530 ,consumtos
905 3441 983 3504 mala
1006 3441 1086 3518 fide,
1110 3441 1234 3504 actione
1255 3439 1294 3502 ad
1322 3439 1418 3500 exbi-

213 3597 410 3612 -—-.-—

251 3681 279 3750 1)
299 3687 341 3736 Fr.
361 3683 386 3736 8.
403 3685 426 3744 §.
445 3683 470 3736 7.
490 3681 573 3738 9.14.
592 3684 634 3738 15.
652 3687 686 3738 D.
706 3687 732 3737 h.
751 3691 770 3737 b.
789 3703 811 3738 o.
831 3685 855 3739 8.
875 3686 916 3740 16.
938 3689 966 3740 O.
986 3690 1046 3740 eod.
1117 3685 1183 3755 tlt.
1202 3689 1228 3752 3,
1247 3685 1290 3742 14.

253 3754 280 3820 3)
304 3759 346 3806 Pr.
369 3757 389 3807 I.
411 3759 436 3819 3,
455 3753 489 3807 14
503 3753 587 3824 (quib.
607 3758 679 3810 mod.
698 3773 728 3809 re
747 3761 867 3810 contrah.
887 3756 988 3827 oblim).
1018 3761 1076 3812 Gsi.
1095 3757 1121 3812 3.
1139 3760 1162 3820 §-
1182 3760 1223 3814 90.
1255 3760 1317 3826 Dig.
1338 3755 1418 3821 12,1

222 3821 270 3890 (de
288 3828 344 3878 reb.
364 3824 457 3892 cred).
478 3827 545 3879 Ood.
554 3825 581 3891 4,
602 3827 617 3879 1
639 3827 687 3892 (de
702 3829 758 3882 reb.
769 3827 898 3896 creditis).
916 3829 943 3896 4,
961 3830 977 3882 2
997 3828 1031 3898 (si
1052 3837 1150 3884 aemam
1169 3828 1292 3900 petetur).
1314 3827 1421 3898 Mapaa

125 3910 132 3914 ’
220 3893 260 3954 §b
279 3893 438 3950 315.-317.

252 3963 379 4096 4)§Fp.32.
394 3987 433 4090 pp).
452 3969 532 4089 Ddb.
547 3976 564 4022 t.
598 3971 720 4024 creditor
738 3978 850 4028 vocatur
861 3977 956 4026 mutuo
975 3973 1051 4037 dens,
1069 3972 1172 4025 debitor
1189 3975 1323 4024 mutuans.
1340 3967 1419 4022 unt.

218 4055 257 4104 pr.
293 4077 299 4090 .
337 4077 343 4090 .
380 4075 387 4088 .
433 4054 518 4090 .e0.
597 4067 599 4072 ·

254 4105 282 4174 5)
303 4110 346 4161 Fr.
366 4109 391 4160 2.
412 4111 434 4171 ἓ.
453 4108 478 4161 3.
493 4112 527 4162 D.
545 4113 608 4165 eod.
626 4117 657 4166 fr.
676 4111 703 4166 4.
721 4116 754 4165 D.
763 4112 806 4180 14,
825 4113 908 4182 blod
926 4113 1124 4181 SOt.Meosd.).
1145 4115 1201 4170 Nec
1219 4115 1307 4166 obstat
1324 4113 1356 4164 ir.
1374 4109 1421 4164 55.

218 4183 252 4232 D.
270 4177 314 4244 46,
333 4179 350 4233 3
370 4177 417 4246 (de
435 4179 537 4247 solut).

253 4249 282 4318 6)
301 4254 345 4304 Fr.
363 4249 406 4303 24.
424 4253 452 4303 in
469 4255 568 4305 medio.
602 4257 635 4306 D.
654 4253 732 4318 19‚5
756 4255 803 4322 (de
822 4258 964 4324 praescript.
984 4255 1093 4320 verbis).
1112 4273 1134 4308 c.
1154 4255 1179 4308 3.
1205 4257 1234 4310 O.
1254 4253 1287 4318 4,
1307 4253 1343 4306 32
1370 4250 1424 4318 (de

215 4320 309 4389 usum).
336 4327 367 4375 fr.
388 4321 452 4375 121.
479 4327 512 4376 D.
532 4323 578 4387 50,
597 4323 631 4378 16
652 4325 699 4391 (de
715 4329 790 4379 verb.
809 4325 916 4394 signifi).
953 4330 1058 4391 Quibus
1080 4327 1195 4379 nummis
1219 4325 1347 4380 restitutio
1373 4342 1425 4391 pe-

220 4398 303 4448 cuniae
321 4401 412 4446 mutuo
434 4393 502 4445 datae
520 4395 649 4448 faciendo
668 4399 714 4461 sit,
735 4401 854 4466 manime
874 4415 932 4452 oum
950 4409 1069 4468 systema
1086 4404 1268 4454 monetariam
1286 4401 1425 4448 mutatum

151 4485 158 4493 ⁸
218 4471 258 4532 sit,
276 4467 418 4534 plurimum
437 4466 593 4532 disputatur.
615 4468 780 4530 Quaesdones
793 4471 954 4524 celebriores
967 4472 1152 4524 examinantur
1170 4471 1197 4522 iu
1212 4469 1425 4524 sacton'aOom·

218 4541 362 4592 montursis
381 4542 400 4589 t.
420 4534 445 4590 2.
464 4553 489 4604 p.
512 4535 672 4592 303.-306.
690 4545 717 4593 et
733 4541 807 4608 apud
824 4558 849 4596 a.
860 4541 1007 4609 Voaperow
1025 4541 1073 4594 111.
1091 4539 1114 4602 b.
1133 4537 1193 4594 370.
