3006 4966
563 343 642 380 ornan
664 345 706 380 mr.
728 346 786 381 cnr.
808 347 850 388 ιιι,
1255 339 1307 394 945

101 476 216 538 reddat
227 477 272 561 l):
296 492 354 536 nec
375 473 549 536 audiendus
571 481 636 552 est,
661 477 689 537 si
713 479 997 556 compensationem
1020 479 1072 540 vel
1097 479 1162 542 doli
1185 499 1303 563 excep·
1422 469 1429 487 Χ

101 581 219 642 tionem
249 595 410 658 opponere
436 576 530 653 velit,
561 579 651 656 quasi
678 584 709 639 et
738 580 807 658 ipsc
838 579 975 658 aliquam
1008 585 1163 658 actionem
1193 589 1301 645 contra
1379 576 1380 582 '

102 679 313 772 deponentem
335 675 449 739 babeat
461 677 501 760 2).

146 783 176 860 ὅ.
188 777 258 843 850.
303 777 495 857 Deponentis
518 778 667 861 obligatio
692 779 758 840 haec
779 785 839 856 est,
864 786 896 840 ut
912 781 1067 858 damnum,
1091 785 1174 862 quod
1189 803 1228 845 ex
1242 786 1302 846 do-

102 880 315 960 positi‘causa
343 878 424 940 alter
451 895 562 959 passus
594 885 660 956 εει,
693 882 722 942 ei
747 883 908 956 restituat3
943 883 1062 944 ideirco
1086 891 1118 945 et
1140 902 1197 964 pro
1221 888 1303 947 omni

103 980 197 1062 culpa
218 985 344 1042 tenetur
364 986 395 1068 et
417 981 455 1042 ad
479 982 634 1061 impensas
656 984 853 1044 necessarias
874 985 905 1044 in
920 1001 986 1045 rem
1000 987 1096 1045 l'actas
1111 983 1303 1065 depositaria
1410 1019 1418 1033 κ

102 1079 320 1144 retundendas
331 1081 369 1166 3).
630 1143 633 1147 .

146 1184 177 1261 ὅ.
192 1179 263 1246 851.
307 1181 354 1242 Ex
378 1181 521 1261 deposito
545 1186 692 1244 conventi
714 1184 811 1266 vulgo
834 1185 866 1245 in
889 1185 1033 1265 simplum
1059 1180 1306 1249 condemnantur

102 1283 123 1344 i.
146 1301 174 1343 ε.
197 1283 224 1343 si
247 1299 349 1361 neque
369 1282 531 1358 tumultus,
556 1301 659 1363 neque
681 1285 830 1360 incendii,
854 1303 957 1364 neque
975 1289 1084 1363 ruinae,
1108 1307 1211 1368 neque
1225 1309 1305 1351 nau-

102 1384 201 1466 fragii
221 1401 316 1445 causa
339 1383 514 1464 depositum
538 1387 589 1446 sit.
626 1385 738 1446 Earum
762 1393 864 1446 autem
887 1405 1003 1462 rerum,
1029 1405 1098 1468 quae
1122 1389 1193 1450 talis
1217 1391 1304 1452 cala-

101 1485 218 1546 mitatis
242 1501 335 1546 causa
358 1485 509 1565 dopositae
533 1491 616 1560 sunt,
643 1504 682 1546 ex
706 1485 852 1547 Praetoris
878 1486 999 1562 edicto,
1024 1489 1054 1548 in
1077 1489 1178 1568 ipsum
1202 1490 1304 1570 depo-

101 1587 246 1646 sitarium
267 1588 299 1647 in
321 1585 467 1665 duplum,
498 1587 529 1646 in
559 1586 692 1647 heredes
723 1588 791 1647 eins
821 1587 850 1648 in
875 1587 1019 1666 simplum
1049 1592 1130 1651 actio
1160 1590 1303 1676 dature).

102 1687 166 1750 Sed
188 1689 313 1750 nonnisi
336 1687 518 1749 infitiatione
541 1689 621 1749 actio
644 1688 833 1768 duplicatur,
859 1689 1009 1750 confitens
1032 1691 1063 1750 in
1086 1690 1230 1771 simplum
1254 1697 1306 1752 te·
1336 1769 1338 1773 ,
1445 1702 1472 1722 f·

101 1794 199 1850 netur
211 1789 250 1873 ⁵).
294 1788 444 1850 Hodierni
470 1788 526 1850 boc
551 1787 723 1849 miserabile
746 1789 915 1867 depositam
937 1798 1061 1852 vocant.

145 1889 261 1972 §.852
304 1889 510 1971 Distinguunt
534 1892 623 1952 etiam
638 1889 827 1972 irregulare,
851 1891 934 1972 qnod
960 1899 1083 1968 vocant,
1108 1893 1303 1972 depositum3

102 1991 231 2072 quando
254 1997 432 2053 contractus
456 1991 546 2053 aliam
566 1991 670 2073 legem
688 2010 731 2052 ex*
743 1993 953 2053 conventione
968 1995 1092 2072 accipit,
1117 1993 1217 2055 veluti
1235 2012 1304 2055 curn

101 2092 291 2171 suscipienti
321 2108 398 2152 usus
429 2093 475 2153 rei
506 2092 689 2154 conceditur
718 2098 771 2153 aut
801 2092 968 2154 dominium
1003 2093 1143 2156 eiusdem
1173 2097 1205 2155 in
1236 2113 1306 2156 eum

102 2191 297 2254 transfertur
310 2193 350 2277 6).
1264 2213 1265 2216 ¹

145 2299 177 2378 ξ.
192 2295 265 2360 853.
307 2293 338 2354 Si
363 2293 445 2354 enim
473 2295 520 2368 ιε,
555 2295 608 2372 qui
640 2293 801 2372 deposuit,
831 2300 939 2374 postea
962 2297 1087 2376 roganti
1111 2295 1304 2375 depositario

105 2395 255 2477 permisit
277 2396 408 2474 pecunia
432 2395 496 2470 uti,
529 2395 643 2454 nummi
668 2396 770 2469 etiam,
793 2401 956 2474 antequam
981 2397 1053 2457 moti
1077 2403 1167 2470 sunt,
1198 2402 1305 2456 mutuo

103 2497 169 2559 dati
195 2492 437 2576 intelliguntur3
471 2495 566 2575 ooepit
590 2497 670 2556 enim
694 2497 797 2558 animo
812 2497 1000 2575 possidere,
1032 2516 1110 2580 ergo
1132 2497 1306 2577 periculum

101 2595 141 2658 ad
169 2613 240 2656 eum
263 2595 373 2656 transit
386 2594 420 2674 7).
466 2595 498 2654 Si
522 2613 599 2656 vero
622 2597 754 2674 pecunia
778 2597 858 2675 apud
882 2597 1016 2677 aliquem
1040 2599 1128 2659 initio
1153 2599 1209 2658 bac
1231 2597 1305 2678 lege

101 2697 250 2776 deposita
274 2695 326 2766 sit,
350 2700 384 2755 ut
406 2697 433 2756 si
455 2694 621 2770 voluisset,
646 2715 681 2756 ea
705 2703 858 2772 uteretur,
880 2705 1044 2777 antequam
1062 2705 1177 2773 utatur,
1203 2697 1305 2776 depo·
1337 2694 1355 2706 ’“

101 2799 200 2860 sitnm
221 2801 280 2872 εει,
303 2802 373 2876 post
395 2812 485 2856 usum
508 2795 767 2858 demumlaotum
792 2799 983 2886 mntnumss).
1019 2798 1079 2862 Sed
1103 2805 1137 2859 ut
1155 2802 1186 2861 in
1210 2805 1307 2860 eate-
1386 2883 1387 2886 Ἴ

100 2900 148 2961 ris
172 2899 264 2959 bonae
285 2896 357 2958 fidei
378 2896 515 2972 iudiciis,
538 2913 650 2959 usuras
672 2899 740 2960 eius
764 2901 889 2980 nomine
910 2919 949 2960 ex
970 2919 1053 2984 mora
1076 2907 1224 2981 praestare
1249 2919 1305 2962 oo-

102 3001 194 3082 gitur
206 2997 244 3083 9).
289 2997 372 3058 ldem
397 2997 528 3072 obtinet,
552 2999 578 3058 si
593 2999 661 3077 quis
685 3001 848 3078 pecuniam
872 3001 953 3080 apud
976 3019 1084 3063 senon
1099 3001 1306 3084 obsignatam⁷

101 3100 161 3162 sed
196 3105 231 3160 ut
260 3096 448 3160 tantumdem
481 3099 647 3176 redderet,
680 3100 853 3180 depositam
885 3101 922 3162 ad
954 3118 1030 3163 usus
1059 3105 1203 3182 proprios
1227 3120 1306 3164 con-

100 3199 205 3262 vertit
217 3199 269 3283 10).

146 3304 179 3383 ξ.
194 3298 265 3364 855.
309 3297 481 3360 Peculiaris
506 3317 632 3379 quoque
658 3301 794 3381 depositi
814 3301 911 3363 forma
938 3309 996 3377 est,
1020 3305 1047 3363 si
1071 3303 1152 3382 apud
1168 3320 1305 3381 seques-

103 3408 188 3462 trem
218 3399 387 3480 deponitur
401 3401 452 3486 11).
498 3401 668 3480 sequester
697 3407 800 3463 autem
823 3402 957 3478 dicitnr,
981 3403 1059 3482 apud
1085 3419 1176 3481 quem
1200 3401 1308 3481 plures

99 3519 191 3576 rem,
225 3499 264 3560 de
288 3517 347 3578 qua
371 3503 587 3562 controversia
612 3508 671 3578 est,
695 3502 930 3582 deposuerunt,
964 3503 1066 3565 dictus
1091 3503 1128 3564 ab
1161 3522 1197 3564 eo
1222 3505 1306 3580 quod

99 3601 270 3682 occurenti
298 3607 350 3661 ant
370 3603 458 3680 quasi
478 3604 623 3681 sequenti
646 3621 712 3680 eos,
737 3606 791 3683 qui
813 3605 1014 3680 contendunt,
1039 3603 1304 3691 committitur-12).

101 3700 313 3782 Restituenda
336 3719 387 3764 res
410 3706 438 3764 ei
462 3704 516 3783 qui
540 3705 617 3766 vicit
629 3706 676 3785 13).
708 3705 813 3767 Potest
837 3708 878 3767 ita
902 3712 1069 3786 sequester
1091 3705 1250 3781 constitui,
1273 3711 1307 3765 ut

138 3881 168 3949 1)
191 3883 236 3933 aa.
257 3883 281 3934 1.
299 3883 322 3941 ε.
341 3882 383 3935 aa.
402 3883 445 3936 45.
464 3883 508 3936 lc.
528 3887 562 3936 n.
585 3887 611 3936 n.
629 3892 647 3938 a.
756 3884 784 3953 a)
805 3888 834 3939 c.
857 3887 898 3938 11.
919 3888 948 3939 c.
966 3887 992 3938 a.
1013 3895 1031 3938 a.
1108 3919 1109 3924 .

20 3999 25 4012 ,
137 3952 167 4022 3)
183 3954 234 4004 Fr.
254 3952 278 4006 5.
298 3973 337 4020 pr.
356 3957 387 4006 fr.
407 3955 449 4007 19.
467 3974 505 4022 pr.
525 3959 556 4009 ιε.
576 3956 619 4008 93.
637 3959 671 4008 D.
690 3959 717 4008 h.
736 3963 753 4009 t.
772 3962 803 4010 fr.
824 3957 848 4010 5.
868 3959 890 4018 ἓ.
911 3960 936 4012 9.
956 3961 989 4009 D.
1012 3959 1053 4023 13,
1076 3959 1092 4010 6
1112 3957 1308 4025 (commodati).

136 4025 169 4089 4)
190 4028 236 4076 Fr.
256 4025 281 4077 9.
301 4025 323 4084 ἓ.
344 4025 368 4077 1.
388 4025 413 4077 3.
432 4029 465 4077 D.
484 4029 510 4078 h.
529 4033 547 4078 t.
567 4027 589 4086 ἓ.
610 4027 653 4080 93.
673 4031 694 4079 Ι.
713 4027 740 4092 4,
760 4029 776 4081 6
797 4029 843 4097 (dc
862 4027 1009 4096 actionib.).

137 4096 168 4164 5)
190 4100 272 4220 Arg.9
277 4095 300 4156 ἓ.
319 4097 362 4150 96.
382 4099 402 4148 Ι.
421 4097 448 4160 4,
466 4098 482 4150 6
506 4098 553 4164 (de
573 4097 742 4166 actionibus).
843 4099 871 4166 6)
892 4103 934 4152 Fr.
954 4100 977 4152 1.
998 4102 1021 4162 §-
1040 4101 1064 4154 6.
1085 4105 1118 4153 D.
1138 4103 1164 4152 ha
1185 4109 1203 4153 t.

138 4167 167 4235 7)
190 4167 281 4220 Fae.
301 4169 364 4228 §..tl
385 4171 417 4220 D.
436 4169 479 4233 19,
500 4169 514 4221 1
535 4168 582 4236 (de
600 4173 656 4222 reb.
677 4171 790 4236 credit).

138 4237 168 4308 8)
189 4242 235 4291 Fr.
254 4206 297 4292 ID.
301 4169 349 4291 D.
368 4242 428 4292 cod.
448 4243 480 4292 fr.
501 4240 524 4291 1.
543 4242 566 4300 ἓ.
584 4241 627 4294 34.
646 4244 679 4292 Ι).
700 4245 743 4294 olt.

137 4311 235 4378 epra.
258 4310 302 4362 99.
322 4311 380 4372 §.L
399 4315 431 4362 D.
451 4314 515 4362 h.t.
617 4311 726 4378 lotor.
745 4311 787 4366 95.
810 4313 834 4374 ἓ.
856 4315 880 4366 1.
899 4313 960 4364 eod.

305 4381 370 4442 §.L
390 4386 421 4434 lr.
441 4381 483 4434 19.
504 4383 526 4442 ἓ.
547 4383 571 4436 9.
591 4385 622 4435 D.
643 4385 669 4435 h.
688 4391 706 4436 t.

120 4379 602 4519 drrlrooooiooiet
623 4452 1011 4519 S.)....lr1§37.D..ht.

121 4523 659 4592 13)Fr..331)......ht050ht.

1437 3319 1452 3357 Ι
