3062 4972
584 299 667 340 trata
685 299 723 342 ru.
742 299 802 338 oue.
822 300 841 336 r.
948 341 950 345 ,
1260 293 1313 352 299

110 427 209 497 raleru
232 446 299 494 rem
319 425 510 496 intendimus
535 429 672 493 nostram
698 442 780 502 csso,
805 430 858 490 aut
882 427 933 499 ios
958 425 1085 508 aliquod
1108 430 1199 498 nobis
1222 449 1311 497 eom-

110 533 232 610 petere‚
257 529 346 591 velut
368 527 493 603 utendi,
521 526 664 604 fruendi,
687 527 804 602 eundi,
826 527 963 609 agendi,
987 546 1141 608 aquamva
1164 529 1312 610 ducendi,

111 628 165 692 vel
188 628 283 696 auius
300 629 442 706 tollendi,
470 626 522 690 vel
539 627 764 708 prospiciendi.
808 627 843 694 ln
860 629 1026 708 perbonam
1043 630 1126 695 actio
1144 633 1203 708 est',
1227 649 1311 712 quo-

110 731 193 800 tiens
214 737 286 792 cum
306 728 412 810 aliquo
436 731 569 810 agimus,
595 731 649 808 qui
671 729 761 794 nobis
785 727 837 792 vel
863 747 903 795 eu
926 734 1088 795 contractu
1109 730 1163 794 vol
1188 751 1229 800 ex
1251 733 1312 799 dc-

110 831 186 895 lioto
208 829 313 893 aliave
335 846 429 893 causa
452 828 610 911 obligatus
627 833 676 893 est
692 829 713 890 i.
732 848 759 892 e.
776 847 845 892 cum
861 831 1062 908 intendimus,
1084 831 1172 909 darc,
1196 832 1314 916 facere,

108 935 263 1014 prestare
287 936 435 1010 oportere
450 931 485 1012 ¹).
1335 933 1341 944 '

153 1031 187 1095 lu
212 1046 376 1112 personam
400 1031 481 1093 actio
504 1029 575 1092 ideo
597 1035 740 1107 vocatur,
766 1031 849 1111 quod
872 1031 1163 1112 semperadvorsus
1181 1033 1313 1098 eandem

110 1149 278 1215 personam
290 1117 404 1192 'locum
422 1130 516 1192 habet
526 1149 535 1204 3
560 1147 629 1192 curn
647 1133 678 1192 in
693 1149 757 1194 reni
772 1133 911 1196 actiones
928 1131 1082 1196 adversus
1100 1149 1170 1194 eurn
1186 1133 1318 1222 tentor,
1376 1205 1387 1215 ,

111 1233 165 1313 qui
190 1231 279 1297 nullo
301 1233 372 1296 iure
394 1231 485 1294 nobis
507 1231 666 1314 obligatus
691 1236 757 1308 est,
780 1238 886 1294 movet
906 1237 1008 1310 tumen
1030 1233 1121 1296 nobis
1144 1233 1183 1297 de
1205 1232 1311 1314 aliqua

110 1351 145 1396 rc
169 1332 470 1420 controversiam).
505 1331 717 1414 Appellantur
740 1338 843 1396 autern
865 1335 896 1394 in
919 1351 986 1396 reni
1009 1332 1134 1413 quidem
1158 1334 1311 1410 actiones,

109 1434 341 1506 vindicationes
368 1435 421 1498 vel
444 1436 634 1517 petitiones,
664 1437 696 1496 in
716 1452 881 1515 personam
905 1452 982 1497 vero
1006 1437 1164 1510 actiones,
1197 1435 1312 1513 quibus

109 1536 186 1600 dare
212 1535 319 1604 tacere
341 1541 489 1617 oportere
511 1536 697 1613 intenditur,
721 1535 956 1610 condictiones3
979 1535 1146 1600 condicere
1168 1536 1249 1599 enim
1263 1539 1313 1598 ost

109 1636 297 1701 denuntiare
320 1639 423 1718 prisca
447 1635 568 1720 lingua,
590 1654 673 1703 nuno
690 1655 768 1700 vero
784 1637 917 1701 abusive
930 1637 1062 1700 dioirnus
1080 1635 1309 1701 condictionem

108 1738 263 1802 actionem
287 1738 318 1802 iu
341 1754 508 1818 personam
531 1755 614 1814 esso,
639 1756 700 1819 qua
722 1743 810 1804 actor
832 1738 966 1800 intendit
982 1737 1049 1800 dari
1066 1737 1126 1800 sibi
1143 1742 1292 1817 oportere
1300 1754 1309 1812 3

107 1836 195 1903 nuilla
224 1837 305 1902 enirn
337 1837 398 1902 hoo
428 1843 569 1919 tompore
600 1857 637 1900 eo
666 1840 791 1902 nornine
825 1839 1022 1902 denuntiatio
1053 1838 1134 1923 liti).
1178 1836 1308 1916 Proprie

108 1943 212 2000 tamen
236 1937 451 2001 condictiones
477 1956 522 2000 ote
545 1939 741 2002 solummodo
759 1941 791 2000 in
810 1956 976 2020 personam
990 1939 1130 2002 notiones
1143 1941 1309 2013 vocantur,

109 2054 180 2117 qua
201 2055 264 2102 non
287 2039 452 2102 excursis
475 2041 615 2106 vicissim
639 2039 836 2122 obligatoriis
860 2041 1016 2115 oriuntur,
1043 2037 1099 2102 sad
1123 2038 1309 2102 55155511-

108 2139 230 2220 pulatu,
253 2143 307 2200 aut
329 2139 452 2220 siquid
477 2138 580 2204 datum
604 2142 656 2218 sit,
679 2139 780 2208 veluti
805 2158 846 2202 ex
866 2140 1094 2218 numeratione,
1117 2139 1170 2204 vol
1186 2157 1226 2206 ox
1242 2144 1310 2205 tes·-

108 2245 259 2316 tamento,
283 2239 335 2303 vel
358 2259 399 2302 ox
419 2240 546 2327 lege4).
1003 2267 1007 2272 ·
1090 2253 1103 2264 “

150 2343 181 2422 5.
196 2341 287 2408 1051.
332 2341 384 2404 Sic
406 2343 514 2422 itaque
537 2341 683 2406 discretis
706 2342 893 2418 actionibus,
916 2347 1035 2404 eertum
1052 2346 1111 2417 est,
1134 2358 1198 2404 non
1212 2356 1308 2421 posse

109 2451 247 2513 actorem
269 2464 335 2512 reru
357 2463 445 2513 suam
467 2446 508 2510 ita
531 2446 569 2510 ab
593 2446 699 2526 aliquo
719 2452 841 2527 petere,
862 2445 890 2508 si
913 2450 1002 2526 paret
1022 2461 1092 2508 eum
1114 2442 1191 2510 dare
1211 2460 1309 2522 opor-

109 2552 189 2613 tere.
221 2545 287 2609 Neo
312 2548 393 2629 enim
416 2547 500 2635 quod
522 2549 638 2612 actoris
662 2553 721 2623 est,
744 2547 775 2608 id
799 2547 828 2608 ei
848 2545 917 2610 dari
933 2550 1076 2626 oportct3
1100 2543 1308 2624 quiusoiliost

109 2648 177 2710 dari
200 2649 347 2728 cuiquam
366 2647 397 2710 id
414 2647 619 2730 intelligitur,
641 2648 725 2728 quod
745 2649 788 2709 ita
811 2647 913 2724 datur,
935 2653 969 2710 ut
991 2646 1060 2710 eius
1084 2644 1146 2721 suat,
1170 2658 1306 2718 necros,

107 2764 178 2827 quo
203 2749 263 2816 iarn
285 2748 401 2816 uotonis
427 2753 486 2824 est,
509 2749 610 2831 magis
637 2749 706 2812 cius
727 2748 796 2812 lieri
808 2753 911 2828 potest
923 2747 964 2834 ⁶).
996 2745 1090 2812 Plano
1106 2745 1177 2808 odio
1191 2743 1308 2820 lurum,

107 2865 171 2928 quo
194 2850 294 2931 magis
315 2847 459 2928 pluribus
483 2849 658 2916 actionibus
681 2854 858 2925 teneantur,
882 2847 1027 2911 effectum
1052 2852 1119 2924 est,
1144 2852 1195 2922 ut,
1218 2851 1307 2912 extra

106 2965 230 3030 poenam
254 2947 341 3028 dupli
365 2953 418 3010 aut
439 2950 624 3030 quadrupli,
656 2952 704 3011 rei
733 2949 924 3031 recipiendae
947 2949 1072 3015 nomine
1102 2946 1188 3010 iures
1212 2950 1305 3013 etiam

107 3067 148 3111 ex
171 3050 230 3110 hac
250 3049 373 3110 actione
394 3054 578 3112 teneantur:
602 3050 655 3127 „st
673 3059 777 3130 paret,
800 3069 852 3112 eos
872 3049 1137 3128 doreoporlcre‘q
1161 3047 1305 3128 quamvis

104 3151 148 3214 sit
168 3148 323 3211 adversus
346 3167 402 3212 eos
425 3153 516 3213 etiam
542 3152 607 3214 haec
637 3154 669 3214 in
693 3171 758 3214 rem
789 3157 888 3230 actio,
919 3171 977 3237 por
1007 3170 1097 3232 quam
1125 3168 1191 3212 rem
1219 3166 1306 3211 suam

105 3250 178 3332 quis
199 3266 271 3316 esse
292 3251 424 3336 petiti).
935 3331 940 3343 .
983 3335 984 3340 ἵ

150 3352 180 3431 §.
193 3349 285 3416 1052.
331 3349 409 3414 sont
430 3351 557 3431 quidem
582 3353 722 3418 notiones
746 3353 904 3434 quodam,
938 3369 1008 3434 quae
1030 3355 1155 3418 mixtam
1179 3369 1304 3416 causam

105 3448 252 3513 obtinere
272 3451 435 3530 videntur,
460 3457 520 3516 tarn
541 3453 574 3515 in
595 3472 662 3522 rem
684 3471 775 3534 quum
797 3455 829 3515 in
850 3471 1031 3535 porsonam,
1053 3453 1154 3518 veluti
1176 3453 1302 3520 familiae

104 3549 325 3615 herciscundae
348 3553 446 3632 actio,
469 3554 542 3616 item
566 3556 719 3625 communi
748 3555 922 3618 dividundo
952 3561 984 3618 et
1011 3556 1117 3620 linium
1139 3555 1305 3640 regundo-

139 3771 1079 3844 1)1Ῑοι55(151.111.5.2.55.1.1.1ι.1.1ι.25.ρτ.[).151(1.

140 3844 168 3913 2)
187 3845 230 3900 Fr.
250 3844 292 3898 25.
310 3865 349 3913 pr.
368 3849 410 3900 511.
430 3847 452 3908 5.
473 3847 497 3900 1.
518 3849 538 3900 Ῑ.
557 3849 599 3900 cis.

138 3917 167 3984 3)
187 3918 209 3977 5.
229 3915 271 3972 15.
290 3920 311 3968 Ι.
331 3919 357 3972 h.
375 3925 393 3972 t.
414 3919 473 3972 (tat.
492 3921 539 3971 IV.
560 3919 582 3979 ἓ.
602 3917 627 3972 5.
648 3918 689 3971 18.
713 3921 745 3972 ir.
765 3915 808 3976 25.
826 3936 865 3986 pr.
891 3920 923 3972 fr.
944 3915 986 3970 28.
1009 3914 1040 3969 D.
1059 3919 1085 3972 h.
1105 3923 1123 3970 1.
1142 3919 1174 3970 t‘r.
1194 3913 1253 3970 178.
1271 3919 1305 3971 D.

101 3989 153 4054 50,
181 3987 216 4042 15
239 3989 287 4056 ((15
307 3989 339 4040 V.
358 3987 407 4055 S.).
452 3986 627 4044 Descendunt
651 3991 833 4043 condictiones
859 4006 894 4042 cx
912 3994 1002 4045 satore
1027 3992 1095 4058 legis
1121 3991 1228 4044 actions
1256 3991 1312 4058 por'

102 4061 310 4119 condictionem.

136 4128 166 4197 4)
189 4133 282 4184 Cicero
305 4148 353 4199 pro
372 4133 467 4184 Roscio
487 4131 609 4184 comoedo
629 4149 651 4183 o.
671 4129 695 4182 5.
714 4133 745 4183 Τ.
766 4131 791 4184 9.
810 4134 844 4184 D.
865 4131 942 4196 12,1
962 4131 1007 4200 ((15
1025 4134 1082 4186 rob.
1102 4131 1197 4200 cred).
1222 4134 1301 4199 Hoff-

100 4214 144 4257 tcr
169 4205 205 4254 ad
225 4205 272 4255 lib.
291 4205 338 4255 IV.
359 4203 419 4256 Gaii
437 4221 462 4270 p.
482 4201 525 4256 65.
545 4219 600 4272 aeq.
646 4204 787 4256 Zimmcrn
805 4203 828 4262 §ss
847 4201 890 4256 60.
927 4223 952 4260 5.
973 4207 1115 4272 Socim,
1141 4207 1248 4274 system
1268 4205 1302 4255 V.

93 4273 163 4327 -109,
181 4272 243 4326 461.
264 4279 332 4327 515.
350 4274 450 4326 Keller
469 4273 507 4334 §§.
528 4274 570 4326 18.
590 4272 632 4326 67.
652 4274 694 4327 88.

137 4343 166 4411 5)
185 4347 344 4412 Explicatur
361 4346 425 4400 inda
444 4347 533 4398 511115
551 4347 620 4398 inter
638 4353 778 4412 utrumque
791 4345 928 4398 actionum
946 4364 1031 4414 genus
1043 4347 1203 4410 differentia,
1221 4359 1301 4417 quam

100 4418 385 4552 Pagaguiogatlinhtr.
406 4415 446 4542 13.
465 4416 488 4476 5.
496 4417 533 4542 4Ι2.
543 4415 649 4552 ἐ15454,
669 4418 685 4474 2
705 4413 754 4482 ((15
771 4423 877 4486 except·
896 4416 1054 4491 55115515).

82 4533 89 4540 ·
201 4490 611 4550 ,a000‘aaiastoo
