3098 4966
204 287 257 341 140
526 292 726 332 rnsrrrurresrs
748 293 822 330 runrs
842 293 946 331 nerant
965 293 1085 331 rsuram.

203 447 262 510 pro
284 428 433 492 tribunali
462 429 589 510 cognita
611 423 742 514 detnr1)
765 432 797 488 ct
822 427 1010 507 interposito
1031 425 1155 488 demum
1174 425 1322 489 Pretorio
1342 426 1404 489 de-

203 536 302 593 creto.
347 527 435 592 lllam
455 527 560 590 stabili
581 529 652 590 iure
672 526 830 594 delinitam
852 524 1022 602 edictalem,
1043 526 1124 588 lanc
1143 523 1329 588 oceanea
1342 526 1405 589 lto-

203 649 315 696 norum
338 633 571 713 possessionem
594 630 757 714 vocant¹).

247 733 363 816 §.48st
407 731 558 794 Edictalis
585 737 689 794 auteur
718 731 871 794 bonorum
899 731 1064 812 possessio
1088 728 1201 793 ordine
1231 731 1405 812 quodama

204 835 342 899 Praetore
364 835 575 916 promittitur,
600 833 638 896 ad
661 833 838 913 exemplum
861 832 1086 908 hereditatum,
1111 832 1180 894 iore
1203 831 1291 894 civili
1312 833 1406 897 dela-

205 943 315 999 tarum.
358 936 422 997 Aut
443 935 525 997 enim
546 935 699 996 bonorum
721 935 883 1014 possessio
906 932 988 995 lucto
1011 937 1210 1010 testamento,
1233 939 1288 996 aut
1302 935 1340 997 ab
1352 937 1405 997 in-

205 1041 319 1099 testato
345 1035 499 1097 defertur.
541 1033 637 1098 Facto
660 1039 848 1097 testamento
872 1039 925 1098 aut
946 1039 1057 1096 contra
1078 1033 1200 1097 tabulas
1225 1037 1405 1098 testamenti

195 1137 260 1201 'aut
280 1136 453 1199 secundum
473 1135 596 1198 tabulas
607 1137 648 1223 8),
671 1153 734 1198 non
756 1135 838 1198 lacto
859 1135 897 1197 ab
917 1137 1066 1198 intestato
1090 1133 1263 1197 secundum
1275 1135 1406 1198 ordines

203 1246 235 1304 et
255 1239 385 1322 medus.
428 1237 573 1316 Denique
596 1241 685 1299 extra
708 1237 849 1300 ordinem
863 1235 981 1300 Pretor
1003 1236 1155 1317 quosdam
1179 1242 1282 1313 vocat,
1306 1235 1406 1298 veluti

204 1359 271 1418 eos,
294 1339 409 1420 quibus
436 1338 590 1401 bonorum
611 1339 846 1419 possessionem
875 1337 943 1399 dari
973 1355 1013 1398 ex
1042 1336 1168 1419 legibus
1196 1341 1406 1400 senatuscon-

206 1442 298 1506 sultis
322 1446 353 1504 et
373 1440 648 1503 constitutionibus
671 1441 845 1520 principum
873 1444 1009 1520 oportet.
1059 1437 1253 1520 Diligentius
1275 1437 1315 1499 dc
1336 1455 1406 1500 onr-

207 1544 298 1606 nibus
319 1542 350 1604 b.
376 1559 406 1622 p.
430 1540 598 1620 speciebus
621 1543 687 1604 suis
711 1538 790 1601 locis
813 1555 944 1622 agemus
956 1539 995 1620 ⁴).

248 1648 278 1728 §-
286 1641 360 1707 490.
405 1640 481 1703 Cum
503 1643 602 1723 igitur
622 1641 730 1721 plures
754 1641 879 1720 species
901 1641 1138 1702 successionum
1161 1638 1279 1701 Pretor
1301 1641 1407 1701 intro-
1532 1709 1533 1718 ¹

207 1745 344 1820 duxerit,
369 1758 487 1822 easque
510 1741 729 1821 perordinem
750 1741 954 1822 disposuerit,
981 1746 1015 1802 et
1036 1742 1068 1802 iu
1088 1757 1277 1820 unaquaque
1298 1741 1408 1821 specie
1532 1817 1533 1834 χ

207 1844 419 1907 successionis
440 1859 525 1922 saepe
547 1841 655 1923 plnres
681 1846 806 1904 exstent
828 1840 946 1922 dispari
966 1841 1069 1924 gradu
1090 1857 1252 1920 personae:
1277 1839 1406 1917 Precor,
1532 1835 1533 1844 ’

205 1963 246 2008 ne
271 1945 352 2006 bona
373 1942 562 2006 hereditaria
584 1959 683 2006 vacua
705 1945 774 2003 sinc
796 1941 921 2004 domino
943 1940 1061 2002 diutius
1087 1941 1246 2018 iacerent,
1281 1947 1313 2004 et
1332 1959 1408 2004 cre-

207 2045 362 2110 ditoribus
385 2042 512 2125 longior
534 2059 620 2104 mora
643 2041 748 2115 fierct;
772 2047 894 2122 tempus
916 2041 1063 2122 prestitit
1086 2040 1146 2116 his,
1169 2040 1283 2120 quibus
1302 2041 1408 2103 hono-

206 2144 522 2227 rumpossessionem
535 2143 647 2204 detulit
666 2143 700 2204 io
719 2142 911 2231 successorio
932 2140 1081 2231 edictot).
1108 2140 1167 2214 Qui
1194 2147 1317 2221 tempus
1345 2141 1408 2206 sibi

208 2249 357 2310 tributum
378 2244 461 2308 elabi
481 2259 594 2324 passus
617 2249 676 2320 cst,
698 2263 715 2306 a
735 2243 889 2306 bonorum
907 2243 1111 2323 possessione
1130 2241 1320 2326 cpcluditun
1345 2243 1408 2306 ntsi

209 2349 324 2424 denuo,
348 2344 573 2424 utaliquando
598 2344 641 2420 iit,
664 2345 862 2424 insequenti
885 2343 999 2407 ordine
1022 2343 1075 2406 vel
1100 2343 1202 2427 gradu
1221 2348 1353 2405 vocatur
1365 2343 1406 2429 6).

251 2451 282 2532 g.
294 2447 367 2512 491.
412 2444 543 2518 Quando
567 2444 684 2508 Praetor
707 2461 763 2508 eos
791 2443 830 2508 ad
859 2444 1013 2507 bonorum
1041 2444 1276 2525 possessionem
1303 2447 1406 2519 vocat,

210 2552 264 2632 qui
284 2551 354 2612 iure
377 2547 464 2609 civili
486 2545 621 2608 heredes
644 2552 737 2608 sunt:
762 2544 950 2608 beneficium
972 2545 1039 2606 eius
1058 2545 1091 2606 in
1113 2561 1150 2606 eo
1163 2541 1264 2606 solum
1283 2543 1410 2606 videtur

207 2651 343 2731 aliquam
368 2647 533 2710 utilitatem
557 2647 685 2723 habere,
708 2645 792 2726 quod
814 2647 853 2722 is,
876 2647 931 2725 qui
949 2647 991 2706 ita
1005 2645 1158 2708 honorum
1172 2645 1409 2724 possessionem

208 2751 297 2832 petit,
320 2747 499 2824 interdicto,
519 2769 649 2821 ouoauu
662 2767 820 2826 concaua,
839 2748 884 2808 uti
906 2747 1008 2827 possit
1020 2745 1057 2830 7).
1091 2743 1153 2808 Sed
1166 2745 1204 2807 iis
1219 2744 1280 2808 hoc
1292 2743 1409 2806 auxilio

208 2867 288 2930 opus
312 2855 462 2912 nonest:
487 2867 556 2910 cum
580 2849 667 2911 civili
692 2850 817 2912 actione
840 2849 921 2910 hona
945 2845 1106 2908 vindicare
1127 2848 1250 2926 possint
1260 2845 1302 2934 8).
1346 2843 1410 2906 Po-

209 2953 273 3010 test
293 2950 393 3031 igitur
416 2947 585 3027 aliquando
608 2950 742 3028 questio
765 2965 854 3012 csse:
877 2953 980 3010 utrum
1003 2946 1097 3008 heres
1113 2945 1410 3025 anbonorumpos-

208 3065 316 3110 sessor
337 3049 441 3128 potior
465 3051 529 3112 sit?
555 3051 594 3112 Et
617 3053 724 3114 verius
746 3059 795 3114 est
816 3071 833 3114 e
857 3052 969 3134 regula
992 3051 1140 3114 heredem
1164 3049 1323 3131 praeferri,
1345 3067 1407 3110 ex-

210 3154 302 3227 cepto
325 3167 411 3227 casu,
435 3169 497 3231 quo
519 3153 673 3248 bonorum
694 3154 856 3233 possessio
872 3151 1098 3234 impugnandi
1089 3151 1168 3214 ruris
1185 3149 1289 3212 civilis
1304 3151 1409 3233 gratie
1533 3177 1535 3218 τ

210 3247 321 3323 datur3
341 3255 404 3312 tum
429 3251 509 3312 enim
533 3250 644 3329 heras,
677 3253 737 3314 etsi
759 3251 912 3315 inferiore
935 3250 1006 3314 loco
1028 3250 1224 3326 inveniatur,
1254 3255 1309 3312 aut
1328 3250 1410 3312 bona
1533 3233 1535 3252 ἦ

210 3351 380 3412 restituere
403 3353 528 3433 cogitur
553 3352 707 3416 bonorum
728 3354 918 3434 possessori,
942 3358 997 3414 aut
1018 3369 1087 3414 cum
1102 3356 1187 3434 agat,
1209 3349 1273 3414 doli
1289 3366 1409 3429 excep·
1534 3361 1535 3368 ’

210 3451 295 3514 tione
306 3450 471 3532 repellitur
482 3450 521 3538 ⁹).
544 3451 583 3513 Et
597 3453 669 3532 quia
682 3458 746 3514 tum
758 3453 912 3542 bonorum
924 3469 1092 3534 possessor
1106 3469 1175 3513 cum
1191 3449 1305 3514 ellectu
1328 3450 1410 3512 bona

245 3608 273 3674 1)
291 3607 333 3658 Fr.
353 3607 378 3659 2.
399 3606 422 3665 5.
441 3606 466 3659 1,
486 3605 527 3658 ott.
546 3607 579 3657 fr.
599 3605 622 3658 1.
641 3624 680 3673 pr.
698 3608 731 3656 D.
752 3603 796 3669 37,
818 3605 852 3658 10
871 3605 918 3672 (de
931 3607 1101 3660 catoniano
1122 3603 1188 3672 ed.).
1205 3608 1237 3659 fr.
1249 3605 1272 3658 1.
1288 3625 1329 3674 pr.
1346 3608 1370 3669 5.
1384 3607 1409 3660 7.

209 3685 242 3735 D.
263 3677 307 3742 37,
326 3678 342 3730 9
361 3675 409 3742 (de
427 3683 519 3730 ventre
537 3678 566 3729 in
583 3678 645 3729 ben.
662 3694 734 3745 poss.
753 3676 904 3745 mittendo).

242 3751 270 3818 2)
290 3749 430 3802 Nomina
421 3765 450 3800 m
465 3750 530 3815 ipsis
547 3751 613 3801 iuris
630 3751 747 3803 fontibus
766 3755 907 3802 occurrunt
924 3751 969 3801 oir
980 3748 1070 3800 ffmcitt
1088 3748 1188 3802 etfrml
1208 3749 1233 3810 5.
1248 3747 1274 3801 7.
1293 3753 1327 3804 D.
1338 3747 1410 3814 38,7

209 3822 256 3890 (de
274 3821 440 3875 successorio
460 3817 568 3887 edicto).
633 3859 641 3872 .

243 3890 379 3960 mpure.
398 3890 574 3950 §..1n...nt
596 3889 652 3952 §..:t
672 3892 691 3942 1.
711 3892 774 3942 ιι.
795 3890 989 3960 ulpxnvnr
1009 3889 1032 3944 1.
1052 3907 1106 3960 aeq.
1126 3887 1409 3957 (muenoasffsstt

227 3963 400 4088 Η4ἓ)1).ὴ,
345 3958 389 4024 38,
409 3960 442 4014 14
467 3960 507 4026 (ut
529 3963 706 4030 exlegibus,
731 3963 967 4016 senatusconsultis
989 3965 1120 4015 bonorum
1143 3964 1276 4030 petacsato
1313 3960 1409 4028 detur).

245 4102 353 4172 5)5.8
356 4105 401 4156 .1.
421 4101 447 4152 h.
466 4106 483 4153 t.
503 4104 537 4155 D.
555 4101 600 4168 38,
619 4101 700 4169 9(de
720 4105 888 4159 successorio
907 4101 1019 4169 adleto).

245 4177 334 4242 6ch
354 4175 377 4226 1.
398 4176 421 4234 5.
441 4172 465 4224 1.
483 4176 516 4224 D.
535 4176 596 4226 eod.
616 4176 654 4227 tit.
674 4175 696 4235 5.
715 4176 740 4228 9,
759 4177 780 4226 I.
799 4177 825 4228 h.
843 4185 861 4229 t.
899 4175 960 4243 Ulp.
980 4177 1104 4229 XXVIII.
1125 4174 1168 4228 11.

244 4245 273 4316 7)
294 4245 393 4300 (1813,
414 4246 436 4305 5.
456 4242 499 4296 34.

243 4317 271 4386 8)
289 4319 421 4370 Hodierni
439 4317 569 4368 bonorum
587 4317 782 4382 possessionem
803 4319 983 4370 necessariam
1002 4323 1028 4370 et
1049 4319 1141 4370 utileni
1161 4317 1337 4386 distinguunt.

243 4387 271 4455 9)
294 4390 353 4442 Gal.
371 4391 406 4441 Il.
426 4385 574 4439 119-121.
591 4386 730 4454 fr.13.pr.
748 4391 781 4440 fr.
796 4387 838 4441 15.
856 4391 885 4442 in
903 4392 922 4441 f.
941 4392 974 4440 D.
993 4387 1037 4452 37,
1055 4388 1074 4442 4
1092 4387 1140 4452 (de
1158 4390 1221 4442 beu.
1239 4407 1311 4458 poss.
1333 4409 1356 4444 e.
1367 4389 1410 4456 t).

209 4461 361 4530 Aliquando
372 4459 493 4511 dividere
505 4459 682 4512 hereditatem
692 4475 752 4514 eum
771 4476 804 4514 ee
817 4461 905 4514 debet
928 4463 959 4515 fr.
969 4460 1010 4516 10.
1029 4463 1064 4514 D.
1073 4457 1117 4522 37,
1127 4458 1144 4512 6
1154 4458 1202 4526 (de
1214 4463 1283 4516 detta
1295 4461 1411 4530 collati
