3082 4976
217 379 251 434 16
548 391 750 429 rrsrrrorrosrs
771 393 844 430 rosis
865 393 966 430 neutri
986 394 1105 436 rarrnrr.

220 519 358 583 edictum
381 520 579 602 provinciale
599 522 776 605 appellatur
793 525 831 611 ¹).
876 523 911 586 ln
932 509 1060 587 summis
1081 523 1254 587 bonoribus
1277 525 1337 588 boo
1356 523 1420 587 bo-

222 621 382 685 norarium
404 625 436 683 et
457 624 636 702 pretorium
659 626 708 687 ius
733 629 784 688 est
804 623 952 701 habitum,
975 631 1007 687 et
1026 631 1087 688 tam
1105 624 1232 708 legibus
1254 641 1345 706 quarn
1367 628 1421 687 ta-

219 725 282 785 cito
305 721 412 803 populi
429 738 587 786 consensu
611 725 854 806 comprobatum.
877 723 1017 803 Constat,
1039 743 1188 789 summam
1202 727 1282 787 iuris
1297 726 1419 788 romani

214 823 423 905 praestantiam
440 829 473 885 et
492 825 657 888 utilitatem
680 843 719 888 ex
742 825 802 888 boc
823 829 914 904 iure,
950 825 1062 914 riva¹)
1088 843 1168 890 voce
1199 827 1278 890 iuris
1299 823 1418 902 civilis,

216 939 378 988 emanasse
388 925 427 1014 8).

258 1026 353 1107 §.bb
398 1025 451 1088 lus
484 1025 579 1088 civile
608 1029 758 1090 strictiori
790 1045 886 1091 sensu
910 1028 1074 1092 dicebatur
1096 1029 1145 1105 id,
1175 1029 1413 1110 quodpropter

215 1129 430 1192 auctoritatem
457 1130 644 1210 prudentum
679 1129 880 1193 observatum
915 1135 947 1192 et
982 1135 1142 1212 receptum
1178 1134 1262 1192 erat:
1304 1127 1416 1190 borum

95 1235 99 1244 '
213 1229 294 1290 enim
316 1229 422 1311 legum
444 1231 566 1292 etiuris
580 1232 868 1312 interpretativum,
889 1247 1053 1312 responsa,
1073 1245 1316 1310 communesque
1336 1245 1416 1290 sen·
1527 1281 1528 1288 ,

215 1330 321 1390 tentiae
336 1331 458 1392 maximi
479 1332 721 1408 estimabantur,
747 1335 821 1394 etin
838 1333 920 1407 iure,
943 1328 1120 1394 in'ludiciis
1135 1337 1167 1394 et
1189 1331 1306 1411 ubique
1326 1331 1416 1393 reci-

106 1443 110 1450 ·
214 1429 393 1509 plebantur.

213 1607 220 1626 ἡ
256 1530 393 1594 Scientia
413 1532 492 1593 iuris
517 1533 599 1594 intra
621 1532 681 1595 boc
701 1539 823 1614 tempus
848 1553 864 1595 a
886 1536 1028 1615 patriciis
1048 1535 1087 1596 ad
1110 1532 1253 1614 plebeios
1275 1533 1417 1596 transie-

215 1636 275 1707 rat,
296 1647 429 1711 quorum
452 1632 577 1712 murini
600 1638 632 1694 et
642 1635 766 1696 maximi
788 1634 866 1696 iuris
882 1636 1044 1697 scientiam
1069 1635 1264 1716 prolitentes,
1286 1633 1417 1696 summis

217 1732 391 1795 honoribus
415 1738 446 1796 ct
466 1749 583 1796 summa
608 1736 795 1797 auctoritate
807 1734 1002 1797 fruebantur.
1047 1735 1090 1797 lta
1108 1754 1180 1798 mox
1198 1731 1417 1797 iurisconsul-

218 1839 321 1897 torum
344 1837 433 1915 quasi
455 1834 533 1897 urdo
556 1835 756 1912 nascebatur,
779 1835 832 1915 qui
854 1841 917 1898 tum
938 1837 1081 1916 privatis,
1104 1839 1167 1898 tum
1182 1821 1416 1918 magistratibus

216 1936 255 1999 de
276 1938 346 1999 iure
370 1935 621 2017 respondebant,
652 1936 823 2013 carebant,
857 1937 1044 2001 scribebant.
1097 1937 1217 2000 Primus
1252 1955 1292 2000 ex
1319 1935 1416 2017 plebe

219 2039 433 2119 iurisperitus,
456 2037 555 2116 quiet
574 2037 693 2116 primus
715 2037 765 2098 ius
781 2036 906 2117 publice
923 2037 1087 2118 professus
1106 2043 1165 2114 est,
1189 2037 1334 2099 'liberius
1349 2035 1416 2097 Co-

212 2141 384 2202 runcanius
406 2143 495 2216 crat,
515 2137 605 2198 cuius
627 2154 744 2199 summa
781 2137 840 2200 luit
864 2139 943 2200 lama
979 2137 1021 2226 (a.
1045 2157 1075 2200 u.
1101 2158 1129 2200 c.
1155 2140 1236 2201 circa
1259 2138 1307 2224 n).
1350 2135 1416 2199 1³0-

213 2246 281 2304 stea
305 2239 380 2301 Cato
403 2237 524 2300 Censor
548 2235 665 2314 lloruit,
692 2239 744 2318 qui
767 2237 867 2302 libros
890 2239 930 2302 de
954 2241 1023 2302 iure
1052 2239 1138 2302 civili
1168 2240 1304 2319 scripsit.
1347 2235 1414 2300 llos

212 2340 301 2403 multi
324 2341 381 2402 iarn
404 2340 516 2414 secuti,
543 2341 574 2401 in
597 2339 710 2418 quibus
725 2341 919 2420 potissimum
934 2347 999 2403 tres
1012 2359 1052 2403 ex
1068 2339 1277 2404 Scaevolarum
1296 2338 1413 2401 lamilia

216 2441 461 2516 excelluerunt,
492 2457 624 2520 quorum
661 2439 900 2503 celeberrimum
924 2441 1070 2514 Quintum
1092 2439 1227 2504 blucium
1259 2441 1414 2502 iuniorem

213 2540 391 2604 Pontificem
424 2539 607 2618 Maximum,
653 2539 764 2604 Cicero
798 2543 876 2604 iuris
906 2541 1010 2605 civilis
1042 2543 1152 2605 babuit
1185 2547 1409 2624 preceptorem

214 2635 256 2724 (a.
279 2659 310 2703 u.
333 2661 360 2704 c.
382 2642 493 2728 netur)
522 2646 547 2730 ).

213 2831 280 2884 rrr.
292 2833 339 2884 111.
376 2832 425 2884 uu
445 2831 657 2886 rnosnussu
675 2831 771 2886 runis
789 2834 931 2886 nouum
949 2833 1071 2896 usouu
1091 2833 1138 2884 ur>
1157 2829 1411 2884 nuuxsnuuuu

709 2918 920 2991 surrentum).
1317 2934 1329 2964 .

434 3065 460 3105 Α.
481 3063 506 3106 U.
525 3064 547 3106 0,
569 3065 628 3108 bct..
650 3085 682 3096 -
702 3067 763 3107 1.....
784 3066 810 3107 Α.
830 3065 891 3107 tuit.
913 3067 935 3106 G.
958 3085 989 3094 -α
1011 3067 1034 3106 P.
1053 3067 1113 3104 cn.
1135 3065 1190 3106 oct..

259 3187 353 3270 §.bb
398 3185 422 3249 E
454 3185 616 3250 Ciceronis
644 3189 711 3252 lere
742 3195 832 3252 aetate
859 3208 940 3253 nova
972 3191 1050 3252 iuris
1080 3189 1185 3252 civilis
1207 3189 1413 3252 Romanorum
1525 3173 1526 3244 ἦ

215 3287 355 3350 historiae
377 3287 527 3370 periodus
549 3294 652 3370 potest
674 3288 808 3366 deduci,
843 3307 912 3370 quae
944 3295 993 3352 est
1023 3294 1097 3352 aetas
1121 3287 1351 3352 elllorescentis
1383 3293 1415 3351 et

217 3385 331 3453 deinde
353 3387 503 3470 perlectae
524 3389 732 3453 Romanorum
753 3391 831 3452 iuris
854 3389 1036 3472 discipline.
1088 3387 1177 3462 Quod
1201 3388 1240 3450 ad
1260 3391 1322 3464 ius,
1344 3388 1414 3449 eius

215 3489 318 3554 fontes
340 3495 372 3554 et
395 3488 547 3553 elementa
571 3492 700 3567 attinet,
723 3492 789 3554 lnaec
801 3493 890 3571 quasi
913 3489 1036 3552 stabilia
1058 3489 1187 3553 etlirma
1201 3491 1232 3550 in
1254 3505 1312 3550 suo
1328 3491 1412 3550 statu

218 3608 431 3674 permansere,
454 3607 534 3666 curn,
558 3608 628 3670 quae
649 3591 889 3666 innovabantur,
911 3589 1063 3653 absolutis
1082 3590 1160 3652 iuris
1172 3587 1275 3652 civilis
1298 3589 1415 3653 lunda-

216 3692 327 3755 mentis
349 3691 439 3772 quasi
459 3695 675 3772 superstructa
701 3707 773 3753 esse
794 3689 971 3752 videantur.

220 3847 417 3864 -ι-ι-ιι-ο--ιι

251 3933 279 4000 1)
300 3936 359 3988 Gai.
381 3933 405 3986 l.
423 3929 448 3983 6.
487 3931 579 3986 Cicero
600 3932 634 3984 de
653 3931 736 3984 Fiuib.
755 3933 789 3984 IL
808 3930 852 3984 22.
872 3932 908 3983 ad
929 3933 1005 3984 Attio.
1026 3931 1071 3983 Vl.
1093 3931 1115 3984 1.
1153 3927 1181 3996 2)
1200 3932 1242 3982 Fr.
1251 3926 1275 3981 8.
1293 3931 1326 3980 D.
1345 3929 1411 3980 lbld.

250 4005 278 4073 3)
296 4005 366 4058 Vide
392 4004 426 4056 de
453 4004 525 4056 bisce
550 4004 673 4056 omnibus
696 4003 855 4071 Hisponem,
883 4004 917 4054 R.
940 4003 971 4055 ti.
989 4021 1015 4070 p.
1027 3999 1169 4054 414-439
1195 4007 1225 4052 st
1247 4007 1322 4047 curru
1347 4007 1412 4046 ms

216 4086 317 4135 sorori,
336 4077 391 4128 siro
408 4074 469 4126 libri
490 4073 524 4126 do
544 4075 644 4141 origine
663 4076 778 4144 satisque
796 4073 1005 4140 iurisprudenria
1025 4089 1141 4125 romanas
1151 4073 1292 4140 presertim
1314 4069 1413 4122 edicto-

214 4165 273 4201 rum
290 4149 415 4215 praetorls,
435 4149 543 4198 auctora
555 4149 585 4199 0.
599 4145 630 4197 (i.
643 4147 674 4197 L.
699 4147 732 4198 dc
748 4147 849 4210 Wca'bs,
869 4145 949 4196 Collis
959 4145 1159 4213 Luneburglcis,
1179 4140 1256 4196 1821.
1278 4140 1345 4193 LV.
1356 4139 1411 4194 tto.

250 4215 279 4284 4)
303 4221 431 4286 Pompon.
455 4214 532 4277 §.bb
561 4216 653 4271 cicero
672 4235 719 4285 pro
740 4219 859 4268 Murena
878 4217 907 4268 0.
917 4215 942 4269 9.
980 4217 1101 4278 Hotta'ua
1123 4216 1307 4268 Documento
1325 4208 1412 4272 §.268

176 4343 179 4352 ,
217 4285 313 4342 -279.
339 4290 467 4342 Eiusdem
479 4291 687 4352 Oommcntatr'o,
709 4306 726 4340 s
745 4289 822 4340 tertia
840 4288 953 4340 Institub'
964 4288 1064 4354 Belgici
1085 4288 1170 4338 classe
1188 4285 1293 4354 premio
1307 4289 1412 4346 ornata,

217 4376 287 4413 anno
307 4357 386 4424 1822,
407 4359 691 4412 aditadmstelodami.
710 4357 766 4411 4to.

252 4430 279 4499 5)
301 4432 371 4485 Olor.
383 4433 496 4485 Hotts‘ua
512 4435 615 4485 tertiam
633 4433 680 4484 iur.
692 4447 757 4484 rom.
772 4435 875 4482 etatem
893 4431 928 4482 sb
943 4430 1061 4497 Augusto
1081 4428 1117 4479 sd
1127 4427 1328 4480 Constantinum
1336 4424 1412 4490 Mag.

215 4503 372 4627 nnimddrimst
388 4503 417 4555 in
436 4503 559 4557 Linsam.
579 4500 666 4565 §.568
684 4519 749 4569 seq„
771 4501 878 4555 doctiss.
899 4501 1002 4567 Mopas
1021 4493 1166 4560 §.lt—io.
1186 4500 1222 4550 ab
1235 4499 1356 4565 Augusto
1375 4495 1412 4546 ad

251 4591 267 4627 o
295 4589 420 4627 eanum.
