3064 4966
186 327 241 382 216
512 334 712 374 nummum
731 335 805 373 mu
824 333 928 373 noum
948 334 1069 374 ιιιυτι.

230 469 261 547 §-
275 463 346 531 755.
390 461 500 526 diociis
523 479 618 525 cause
642 462 775 542 capitur,
799 471 869 522 edm
891 467 1022 542 propter
1041 467 1173 525 mortem
1187 465 1322 528 alicuius
1338 485 1396 528 cc-

189 565 297 649 picndi
317 565 443 627 occasio
462 563 602 640 obvenit,
627 565 770 644 exceptis
791 561 841 624 his
864 563 1008 644 capiendi
1029 565 1153 647 figuris,
1176 585 1247 648 que
1261 568 1395 648 proprio

190 666 316 728 nomine
346 663 545 746 appellentur
558 663 598 750 ¹).
640 661 751 726 diociis
783 681 879 726 causa
912 665 1044 745 capione
1075 667 1175 748 igitur
1206 669 1395 748 acquiritur,

188 766 272 848 quod
306 764 402 826 alicui
429 765 519 826 iussu
550 763 690 827 defuncti
716 757 920 827 conditionis'
934 765 1099 845 implende
1126 783 1219 829 causa
1248 767 1393 856 dacur2).

190 865 265 928 item
289 867 422 946 pecunia
444 868 477 928 in
499 867 560 929 hcc
581 871 729 947 accepta,
751 867 879 946 niquis
902 863 954 929 vel
975 867 1067 929 adeat
1088 868 1312 946 hereditatem,
1337 869 1391 931 vei

190 984 251 1030 non
276 965 427 1050 adcai⁸);
451 965 507 1028 sed
531 969 562 1028 ei
585 965 654 1043 doc,
677 983 770 1046 quam
790 967 861 1046 quis
883 967 916 1028 iu
938 972 1068 1028 moriem
1088 967 1229 1031 mulieris
1249 967 1393 1031 emerito

190 1065 371 1148 stipuletur,
396 1067 517 1146 capitur
539 1085 616 1129 sene
639 1067 749 1130 mortis
771 1084 877 1143 causa,
901 1069 921 1129 i.
936 1086 964 1129 c.
987 1084 1058 1147 quae
1079 1068 1136 1131 dos
1152 1069 1316 1150 recepiiiia
1331 1087 1395 1132 vo-

191 1167 333 1248 eaiur⁴).
375 1167 522 1247 Denique
545 1169 572 1230 si
594 1168 707 1230 mulier
727 1169 848 1230 veniris
864 1169 991 1231 nomine
1011 1187 1069 1250 per
1092 1170 1287 1245 calumniam,
1310 1175 1345 1231 ui
1360 1170 1394 1231 in

190 1267 428 1349 possessionem
450 1270 527 1330 mitti
551 1267 723 1345 desideret,
748 1271 911 1350 pecuniam
933 1271 1066 1350 accepit,
1088 1275 1123 1332 ui
1143 1271 1318 1332 institutum
1332 1269 1398 1332 cii-

192 1384 253 1447 quc
270 1369 399 1430 catione
421 1369 585 1446 excludet,
608 1369 717 1432 mortis
742 1387 836 1432 causa
859 1389 926 1432 eam
951 1388 1083 1451 capere,
1115 1369 1255 1432 lulianus
1278 1369 1397 1451 sepius

192 1467 304 1532 scribit
316 1469 357 1555 ⁶).
1280 1491 1282 1496 ·

233 1569 413 1634 Pecuiieres
441 1570 481 1633 de
511 1573 619 1635 mortis
648 1587 744 1635 causa
776 1573 907 1653 capione
937 1573 1059 1655 regule
1088 1576 1121 1636 in
1147 1572 1226 1635 iuris
1257 1571 1415 1650 ioniibus¹

191 1669 287 1732 nuliae
310 1673 444 1733 exstant.

225 1840 252 1909 1)
273 1845 315 1896 Fr.
336 1842 379 1896 31.
397 1861 435 1910 pr.
454 1847 487 1896 D.
510 1845 536 1895 h.
555 1849 574 1896 t.
593 1845 624 1896 ir.
645 1841 688 1896 38.
705 1845 743 1896 ib.
762 1862 801 1911 pr.

226 1914 255 1981 2)
276 1915 319 1966 Fr.
340 1913 383 1966 36.
405 1917 439 1967 D.
460 1917 486 1968 h.
505 1921 523 1967 t.
542 1918 574 1968 ir.
589 1915 632 1970 31.
652 1915 676 1976 ἃ.
694 1912 720 1966 7.
739 1919 770 1967 ic.
787 1915 830 1970 91.
849 1919 881 1968 D.
901 1913 981 1980 35,2
1006 1915 1056 1980 (ad
1074 1917 1127 1984 leg.
1145 1912 1241 1982 licie).
1279 1915 1351 1984 Ergo
1368 1920 1397 1966 ei

191 1987 265 2058 quod
285 1985 441 2039 statuliber
460 1987 516 2050 dai,
537 1989 652 2039 utlibet
670 1988 725 2038 fiai.
743 1991 775 2038 fr.
794 1986 837 2040 31.
856 1988 879 2048 §-
898 1987 923 2040 2.
943 1987 1005 2039 eod.

225 2057 254 2123 8)
274 2059 317 2108 Fr.
334 2053 360 2108 8.
379 2056 422 2109 21.
441 2057 483 2111 31.
503 2059 526 2118 ἓ.
546 2058 570 2110 2.
589 2061 623 2111 D.
642 2059 669 2109 h.
690 2063 708 2109 t.

224 2127 255 2195 4)
274 2131 317 2180 Fr.
340 2127 383 2181 31.
402 2128 425 2188 §-
446 2131 471 2184 9.
491 2131 533 2182 cit
578 2131 671 2183 Mortis
690 2144 773 2182 cauca
790 2129 867 2196 capio
887 2130 968 2180 eiiam
984 2145 1044 2182 esce
1062 2129 1182 2192 videtur,
1201 2130 1224 2181 ei
1241 2129 1399 2195 imperfecta

190 2204 259 2255 inter
280 2201 353 2252 vivos
375 2201 484 2253 donatio
505 2203 629 2254 donantis
647 2208 732 2253 morie
750 2201 876 2252 firmatur.
921 2201 1054 2267 Exempla
1072 2201 1202 2252 eiusmodi
1221 2200 1398 2251 donationum

190 2275 275 2327 multa
294 2276 401 2324 exstant
419 2273 446 2325 in
454 2273 640 2340 Vaticiragm.
659 2270 765 2331 §§.256.
774 2267 902 2325 2511272.
919 2273 947 2323 in
964 2273 983 2323 f.
1002 2269 1063 2324 274.
1082 2267 1239 2324 ‘cic-278.
1261 2269 1396 2323 281313.

224 2341 253 2412 5)
273 2344 363 2396 Verba
380 2343 490 2412 Ulpiani
509 2346 537 2396 in
553 2345 584 2396 ir.
605 2343 647 2420 12.
665 2345 698 2396 D.
717 2345 744 2395 h.
762 2349 781 2394 t.
