3064 4966
434 295 437 305 ’
554 329 633 366 urna
641 327 671 368 rr.
685 324 752 366 rhos
760 326 791 366 rr.
804 329 863 368 cnr.
871 329 898 368 r.
1276 321 1333 381 203

126 466 160 522 07
174 465 343 540 utrumque
357 459 671 524 Senatusconsultum
687 462 718 522 in
733 478 829 524 unurn
843 461 993 524 conflavit
1005 467 1099 543 atque
1114 465 1285 530 transfudit
1295 471 1334 554 ¹).
1400 495 1402 497 ·

123 559 215 624 Unde
236 560 331 624 hodie
353 559 459 636 heres,
481 557 593 623 sinon
617 567 744 624 coactus
766 562 831 624 adit
854 563 1078 642 hereditatem,
1102 571 1243 644 quartam
1266 568 1328 631 bo-

123 647 236 722 norum
259 665 378 740 partem
398 661 539 724 retinere
558 667 677 742 potest,
706 662 817 725 eodem
839 664 948 742 modo,
973 682 1054 745 quc,
1085 668 1112 729 si
1135 669 1203 729 eius
1226 668 1330 747 portio

123 759 240 842 legatis
262 761 414 824 exhausta
437 767 533 838 esset,
559 768 668 842 quarta
689 761 827 826 Falcidia
850 766 1060 840 retineretur;
1085 772 1217 829 vocatur
1240 785 1328 850 are-

122 861 318 925 centioribus
341 868 452 942 quarta
475 862 721 941 Trebellianica,
752 871 783 928 et
805 867 837 929 in
861 868 929 928 eius
953 869 1185 948 computatione
1209 867 1326 932 eedem

123 959 245 1042 regulae
268 963 496 1042 observantur,
531 982 601 1044 quae
629 968 661 1028 in
690 967 813 1028 ratione
847 966 931 1050 legis
954 955 1106 1030 ‘aalaidis
1134 968 1276 1030 obtinent
1288 967 1327 1054 2).

122 1058 446 1126 Fideicommissarius
467 1071 540 1144 post
562 1067 793 1130 restitutionem
816 1083 941 1148 semper
963 1069 1090 1131 heredis
1112 1069 1182 1131 loco
1204 1074 1263 1130 est.

165 1167 196 1246 §-
211 1165 282 1229 732.
329 1163 388 1236 Qui
412 1165 522 1228 testari
545 1173 689 1246 possunt,
712 1167 805 1229 iidern
828 1170 920 1231 etiam
938 1169 1145 1232 hereditatem
1159 1187 1217 1249 per
1233 1167 1326 1230 fidei-

122 1265 321 1328 commissum
347 1270 481 1344 possunt
502 1265 704 1348 relinquere,
735 1267 791 1329 sed
815 1267 855 1330 ob
878 1268 990 1330 herede
1012 1275 1148 1346 tantum,
1180 1262 1325 1350 tanquam

121 1371 209 1428 recto
229 1365 299 1427 lure
321 1364 461 1427 instituto
484 1365 537 1428 vel
559 1367 596 1428 ab
620 1367 682 1429 alio
707 1369 825 1431 herede
838 1369 1128 1432 fideicommissario
1141 1371 1184 1452 8);
1210 1372 1241 1432 in
1257 1371 1325 1432 eius

122 1485 201 1530 vero
222 1466 417 1530 solummodo
440 1467 592 1546 favorem,
618 1471 671 1549 qui
691 1471 1043 1543 ,testamentilactionem
1068 1471 1163 1534 hahet
1184 1489 1253 1534 curn
1276 1473 1326 1534 iis.

163 1572 194 1651 ξ.
209 1568 280 1632 733.
325 1567 518 1631 Permittitur
540 1571 700 1646 testatori,
725 1570 777 1633 vel
801 1589 881 1652 pure
907 1573 959 1634 vel
985 1573 1043 1634 sub
1068 1572 1249 1636 conditione
1271 1591 1327 1634 re-

122 1668 268 1748 linquere
291 1668 576 1746 fideicommissum,
600 1676 712 1732 ettam
734 1689 774 1733 ex
795 1678 882 1734 certo
907 1671 957 1734 die
981 1691 1074 1752 quam
1094 1673 1133 1735 ad
1152 1673 1233 1735 diem
1252 1692 1327 1737 oer-

121 1773 204 1842 tum;
231 1769 368 1850 denique
394 1771 488 1833 heres
510 1772 618 1853 rogari
640 1777 756 1851 potest,
783 1779 818 1834 ut
840 1779 1062 1852 postmortem
1085 1791 1172 1836 suam
1195 1774 1327 1837 heredi-

121 1872 217 1929 tatem
239 1870 397 1946 restituat,
421 1870 504 1950 quod
527 1871 642 1933 iactum
662 1888 735 1933 esse
756 1871 959 1955 intelligitur,
982 1876 1009 1936 si
1030 1879 1162 1936 testator
1178 1874 1328 1937 heredem

120 1970 278 2053 integram
301 1969 508 2032 hereditatem
532 1971 598 2033 suis
622 1971 813 2052 quandoque
836 1973 1009 2035 heredibus
1032 1975 1329 2057 relinquereroga-

121 2069 257 2158 verit⁴).
302 2069 371 2132 Non
396 2070 498 2134 solum
513 2055 561 2132 de
585 2088 641 2135 sua
664 2071 719 2134 sed
746 2074 837 2134 etiam
858 2073 897 2134 de
921 2074 1022 2137 aliena
1051 2074 1229 2137 hereditate
1257 2093 1331 2138 res-

120 2169 263 2232 tituenda
287 2170 382 2232 heres
403 2173 511 2254 rogari
526 2161 645 2252 potest,
659 2173 712 2234 vel
727 2174 770 2236 ita
783 2179 817 2234 ut
833 2173 927 2236 alicui
950 2175 1094 2236 restituat
1109 2173 1333 2262 hereditatem,¹

122 2271 267 2332 testatori
289 2271 326 2332 ab
349 2277 499 2334 extraneo
523 2271 676 2350 relictam,
701 2279 755 2334 aut
777 2293 855 2350 eam,
878 2289 948 2355 quae
968 2274 1078 2336 heredi
1103 2275 1253 2352 obvenit,
1277 2282 1330 2338 aut

120 2376 156 2438 ut
178 2388 265 2434 suam
288 2371 493 2436 hereditatem
506 2374 558 2436 vel
581 2380 706 2453 partem
725 2377 794 2436 eius
809 2374 863 2437 alii
884 2376 1009 2436 restitui
1032 2375 1149 2437 iubeat.
1173 2375 1208 2436 ln
1228 2379 1325 2456 prima

124 2474 233 2554 specie
250 2472 510 2552 fideicommissum
527 2474 703 2536 universale
721 2476 834 2538 adesse
848 2477 985 2552 videtur,
1008 2478 1040 2536 in
1055 2475 1153 2537 altera
1169 2476 1327 2560 legatum;

124 2575 156 2636 in
181 2575 272 2636 tertia
299 2573 435 2654 denique
458 2573 766 2638 fideicommissarius
798 2577 876 2638 iuris
906 2575 1031 2656 quidem
1059 2592 1229 2637 successor
1257 2576 1329 2636 elh-

124 2677 229 2751 oitur,
260 2673 316 2736 sed
339 2674 521 2737 fiduciarius
545 2675 582 2738 ad
605 2675 780 2738 adeundam
802 2677 961 2738 testatoris
984 2674 1191 2738 hereditatem
1220 2693 1328 2740 suam-

124 2793 187 2856 que
210 2774 438 2858 restituendam
460 2777 532 2862 cogi
554 2793 624 2838 non·
640 2775 796 2862 potesta).
859 2815 861 2820 ·
978 2791 984 2804 ’

165 2881 195 2958 ξ.
210 2876 284 2942 734.Ι
324 2876 383 2938 Die
404 2875 638 2954 fideicommissi
661 2877 821 2952 veniente,
847 2876 940 2937 heres
962 2873 1145 2940 fiduciarius
1158 2883 1329 2946 restituere

123 2975 398 3040 fideicommissum
429 2977 600 3053 dehet,·si
633 2975 941 3038 fideicommissarius
972 2975 1050 3038 illud
1083 2983 1330 3062 nonrepudia-

123 3081 210 3140 verit
220 3079 267 3165 ⁶):
290 3079 448 3141 restitutio
469 3084 529 3141 tarn
552 3096 657 3141 rerum
680 3071 848 3172 traditione
868 3079 1040 3160 perficitur,
1065 3096 1155 3160 quarn
1173 3080 1255 3142 nuda
1268 3081 1329 3143 de-

123 3179 297 3242 claratione
320 3178 467 3241 heredis:
503 3195 556 3256 ,se
579 3180 755 3240 restitutam
778 3177 864 3240 velle
886 3178 1123 3254 hereditatem,
1156 3180 1219 3258 q'uo
1247 3179 1329 3243 iacto

121 3281 264 3344 actiones
298 3279 498 3344 hereditario
533 3278 821 3341 fideicommissario
853 3283 1033 3358 competunt
1069 3279 1177 3358 (etiarn
1219 3283 1328 3341 contra

121 3378 334 3466 fiduciarium)
359 3384 390 3442 et
411 3379 448 3440 ab
471 3379 629 3442 extraneis
650 3381 682 3440 in
705 3379 1026 3442 fideicommissarium
1049 3378 1164 3440 dantur
1181 3379 1218 3468 ⁷).
1263 3379 1328 3440 Le-

122 3483 197 3560 gata
221 3495 347 3558 quoque
374 3497 413 3540 ex
435 3479 611 3541 hereditate
630 3479 811 3558 praestanda
832 3478 1140 3541 fideicommissarius
1172 3496 1230 3558 pro
1260 3484 1327 3540 rata

121 3581 277 3642 restitutae
306 3579 405 3659 partis
429 3596 606 3662 agnoscere
634 3577 744 3656 debet,
778 3579 840 3642 nisi
862 3579 948 3642 aliud
971 3579 1117 3641 statuerit
1140 3579 1345 3666 testaturqs

159 3724 701 3794 UbZthoZbLth

158 3798 185 3864 2)
210 3801 269 3851 Gai.
289 3798 315 3850 2.
336 3798 359 3857 ἓ.
380 3797 440 3851 254.
459 3801 491 3850 fr.
512 3797 555 3852 74.
575 3801 606 3850 fr·
627 3797 670 3851 30.
692 3799 715 3858 ἓ.
733 3796 758 3851 7.
781 3796 810 3850 ll.
830 3797 873 3864 35,
888 3797 914 3850 2.
931 3801 962 3850 ir.
983 3795 1025 3850 18.
1044 3813 1083 3862 pr.
1104 3797 1164 3860 §.L
1184 3796 1209 3849 2.
1231 3799 1263 3848 ir.
1285 3795 1327 3849 22.

122 3868 147 3928 ὅ.
169 3870 194 3923 2.
214 3873 246 3922 ir.
263 3867 306 3921 27.
325 3870 348 3929 §-
368 3868 392 3921 1.
414 3868 445 3920 D.
463 3871 490 3919 h.
509 3876 528 3922 7.
564 3871 653 3921 Aliam
681 3887 739 3922 esso
759 3877 859 3938 quartae
878 3869 1103 3934 computationem
1121 3870 1148 3919 in
1167 3870 1241 3922 hirco
1261 3869 1329 3920 oasi-

122 3943 176 3995 bue
194 3942 272 3992 multi
290 3942 385 3993 volunt
404 3946 510 4007 propter
536 3943 598 3993 loca
617 3941 790 4004 difficillima,
818 3943 940 4001 nimirum
959 3943 991 3991 fr.
1012 3935 1056 3998 86.
1075 3940 1106 3990 fr.
1124 3938 1167 3992 91.
1189 3938 1219 3991 b,
1240 3938 1285 4002 35,
1303 3937 1330 3990 2.

122 4031 146 4066 0.
165 4010 210 4064 24.
230 4013 258 4064 O.
277 4010 303 4074 3,
321 4011 364 4064 36.
401 4013 500 4063 Dicunt
518 4014 632 4064 enimin
656 4019 780 4081 quartam
800 4013 871 4064 hano
894 4012 975 4062 etiam
1000 4025 1032 4060 ea
1059 4025 1118 4063 0000
1137 4010 1328 4078 computanda,

122 4101 182 4154 quae
200 4083 295 4135 heredi
315 4084 391 4134 titulo
411 4084 495 4149 legali
512 4085 604 4135 relicta
623 4086 681 4136 alni.
701 4087 747 4136 clr.
766 4101 789 4136 o.
813 4083 960 4149 Vomyerow
980 4081 1002 4141 ἓ.
1022 4077 1082 4132 536.

155 4153 185 4221 3)
203 4156 246 4206 Fr.
268 4152 311 4206 67.
329 4153 396 4214 §.h
415 4151 444 4206 D.
463 4155 490 4204 h.
509 4161 527 4206 7.
547 4154 570 4214 7.
590 4153 615 4206 2.
635 4152 660 4207 8.
683 4153 725 4206 10.
745 4153 871 4208 11.1.u.
889 4158 908 4205 7.
970 4150 1000 4216 4)
1019 4153 1062 4203 Fr.
1082 4149 1125 4204 74.
1144 4169 1184 4218 pr.
1208 4149 1325 4202 1).1ι.7.

157 4224 186 4292 5)
205 4226 248 4276 rr.
266 4225 308 4278 16.
327 4225 350 4286 ἓ.
370 4222 394 4276 5.
414 4227 446 4276 l'r.
465 4221 508 4277 27.
527 4225 550 4284 5·
570 4224 675 4278 8.-10.
696 4229 727 4277 fr.
747 4223 807 4277 114.
827 4224 850 4284 ἓ.
862 4221 887 4276 7.
910 4220 940 4274 ὓ.
960 4221 1002 4276 30.
1266 4281 1268 4287 ,

157 4295 186 4364 6)
203 4297 307 4358 Quodsi
325 4297 405 4363 igitur
423 4303 496 4349 certo
515 4295 557 4349 die
575 4313 630 4348 non
647 4298 753 4350 iubetur
771 4297 911 4358 restitutio,
930 4295 1018 4348 statim
1043 4298 1105 4361 post
1125 4294 1227 4344 aditam
1247 4291 1323 4342 hara·

120 4368 232 4420 ditatam
251 4383 285 4420 00
302 4369 359 4418 lieri
378 4367 467 4420 debet.
485 4371 519 4419 ir.
537 4366 582 4419 41.
602 4367 625 4427 ἓ.
645 4369 693 4420 ult.
717 4366 746 4418 ll.
766 4365 801 4420 32
821 4364 968 4434 (delegat.
988 4363 1059 4432 111.)

157 4437 174 4491 7
205 4439 235 4490 O.
254 4437 279 4492 3.
299 4438 322 4498 ἓ.
341 4437 366 4490 2.
384 4437 410 4492 3.
430 4441 459 4492 0.
478 4437 505 4503 6,
521 4436 558 4491 43
578 4437 742 4504 (eommunia
766 4438 799 4489 de
813 4437 913 4504 legatia
932 4443 959 4490 07
976 4433 1086 4502 fidele).

157 4508 176 4564 8
206 4508 236 4562 0.
256 4507 281 4563 2.
300 4510 330 4563 0.
348 4510 375 4562 lr.
393 4515 412 4562 7.
450 4508 603 4562 Santram
623 4524 701 4563 carus
722 4508 805 4573 dubii,
827 4508 861 4560 de
880 4509 976 4578 qulbus
994 4506 1018 4560 a.
1041 4507 1189 4575 Vaayaroa
1208 4503 1231 4563 ἓ.
1251 4498 1311 4554 559.

1146 4595 1180 4663 14
