3064 4966
593 352 673 388 ιιιιιι
694 353 734 389 ιιι.
756 353 814 390 our.
831 353 873 391 ru.
1269 350 1322 404 247

128 528 199 578 TIT.
219 527 278 578 vu.
315 527 363 577 DE
383 523 542 577 OAETERIS
562 524 846 588 conuunoumus,
866 524 930 588 QUI
950 527 994 577 RE
1014 528 1290 596 PERFIOIUNTUR,

373 613 441 665 SED
462 613 609 665 cultuum
629 613 757 663 NOMEN
775 613 851 664 NON
868 614 1016 665 ΗΑΒΕΝΤ
1027 614 1058 678 ¹).

154 753 185 832 ξ.
201 749 272 814 860.
317 747 396 809 Sunt
418 747 470 808 alii
494 745 632 826 denique
654 763 765 822 casus,
789 747 820 806 in
845 747 960 826 quibus
984 766 1019 809 re
1041 747 1238 832 obligamur3
1265 755 1318 830 qui

110 867 203 924 vero,
228 867 297 911 cum
318 849 349 908 in
372 847 507 929 singulis
529 849 656 928 propria
679 853 858 910 contractus
879 851 1002 929 species
1027 867 1090 911 non
1112 851 1203 926 adsit,
1225 851 1319 913 inno-

108 949 219 1010 minati
241 949 292 1011 vel
314 950 425 1010 incerti
450 953 630 1009 contractus
652 947 746 1010 hodie
768 949 967 1029 appellantur
980 949 1016 1032 ²).
1052 949 1193 1023 Quatuor
1208 969 1317 1020 eorum

110 1052 231 1134 figuras
257 1050 457 1132 distinguere
482 1067 551 1110 cum
576 1050 738 1110 veteribus
762 1049 919 1116 solemus:
943 1049 1065 1112 scilicet
1088 1049 1127 1110 do
1141 1056 1175 1111 ut
1189 1049 1253 1126 des,
1277 1051 1316 1114 do

111 1159 148 1214 ut
169 1151 287 1231 focius,
306 1149 392 1230 facio
417 1155 450 1208 ut
471 1147 535 1222 des,
557 1149 641 1228 focio
665 1155 697 1209 ut
716 1150 870 1237 factam).

154 1255 185 1335 ξ.
200 1249 272 1315 861.
295 1251 344 1314 Do
366 1257 400 1311 ut
421 1249 490 1311 des:
515 1269 580 1312 rem
604 1250 700 1312 dont
724 1251 815 1312 aliam
840 1253 917 1327 des;
950 1255 977 1314 si
1002 1254 1127 1334 quidem
1153 1255 1317 1334 pecuniam

112 1353 154 1415 do
178 1358 213 1425 ut
236 1372 302 1415 rem
324 1353 484 1432 accipiam,
506 1354 622 1432 emptio
642 1359 673 1414 et
690 1352 831 1415 venditio
845 1355 1042 1415 contrahitur
1054 1354 1094 1440 4).
1118 1354 1178 1417 Sed
1194 1355 1225 1414 in
1240 1373 1317 1434 per-

111 1455 297 1530 mutatione,
322 1454 373 1514 vel
396 1455 423 1514 si
446 1470 498 1514 res
519 1455 665 1514 aestimata
689 1454 851 1515 vendenda
875 1455 977 1530 datur,
998 1473 1033 1515 re
1048 1455 1243 1516 contrahitur
1258 1455 1318 1516 ch-

110 1555 224 1638 ligatio
238 1553 273 1635 ⁵).
317 1555 366 1616 Do
388 1561 421 1615 ut
441 1553 554 1632 socios,
576 1553 661 1634 focio
684 1561 718 1615 ut
739 1554 792 1615 des
800 1575 809 1630 ;
832 1557 1020 1635 simulatque
1035 1573 1092 1636 pro
1108 1538 1202 1634 opera
1217 1554 1316 1616 locari

111 1654 206 1717 solita
232 1659 352 1716 certum
375 1656 511 1734 pretium
535 1655 626 1716 datur
649 1653 700 1716 vel
725 1657 937 1730 constituitur,
961 1655 1077 1717 locatio
1099 1659 1131 1715 et
1152 1655 1317 1716 conductio

112 1761 162 1816 est
171 1774 179 1829 3
206 1754 263 1815 sed
285 1757 313 1817 si
336 1755 397 1816 hoc
421 1755 536 1816 factum
558 1775 620 1817 non
645 1757 741 1817 fuerit
762 1762 793 1817 et
809 1757 868 1817 alia
884 1773 936 1817 res
951 1756 1043 1817 datur
1059 1754 1110 1816 vel
1130 1755 1220 1830 facta,
1249 1772 1318 1834 quae

112 1856 212 1917 iocari
236 1872 299 1916 non
321 1854 437 1930 solent,
459 1857 491 1917 in
508 1855 732 1938 obligationem
748 1855 957 1931 deducuntur,
981 1858 1120 1916 incertus
1139 1861 1318 1918 contractus

111 1957 212 2041 estss).
247 1957 339 2018 Facio
363 1963 397 2017 ut
415 1956 535 2035 focius:
560 1959 657 2018 veluti
682 1959 709 2018 si
731 1949 894 2038 aedificium
917 1963 1046 2020 exstruo
1071 1958 1102 2017 in
1125 1963 1178 2038 tuo
1195 1935 1264 2019 sold
1282 1975 1318 2020 ea

112 2057 201 2140 lege,
225 2064 259 2118 ut
281 2065 314 2119 tu
337 2059 368 2120 in
392 2077 461 2121 meo
485 2058 620 2120 aedifices
636 2060 678 2145 ἵ).

156 2159 274 2241 §.862
320 2159 354 2221 ln
377 2159 441 2222 illis
468 2160 576 2221 horum
609 2166 822 2222 contractuum
852 2159 979 2235 formis,
1011 2160 1043 2218 in
1073 2158 1186 2237 quibus
1215 2158 1317 2220 dando

112 2261 210 2322 alium
225 2261 316 2324 nobis
332 2262 518 2345 obIIgamus,
534 2263 593 2324 hoc
606 2261 770 2344 singulare
788 2267 846 2338 est,
860 2261 945 2342 quod
959 2263 996 2334 is,
1018 2261 1070 2341 qui
1084 2259 1181 2336 dedit,
1203 2279 1219 2320 a
1239 2277 1317 2320 con-

111 2367 216 2422 tractu
238 2364 392 2425 recedere
412 2381 543 2444 remque
566 2370 713 2444 repetere
737 2369 852 2443 potest,
877 2362 1022 2444 quamdiu
1046 2380 1086 2422 ex
1110 2360 1209 2422 altera
1230 2365 1317 2440 parte

115 2465 276 2542 praestatio
299 2471 407 2526 secuta
429 2483 490 2526 non
512 2466 571 2540 sit,
602 2471 654 2528 aut
678 2467 749 2545 quia
774 2464 899 2526 debitor
922 2465 951 2526 ei
974 2480 1035 2524 non
1062 2460 1235 2536 satisfecit,
1265 2465 1329 2523 aut·

116 2564 203 2643 quod
227 2565 328 2644 ipsum
353 2565 476 2627 dantem
503 2565 629 2628 dedisse
653 2566 834 2650 poenitet8).
1230 2559 1232 2562 ’

154 2851 181 2920 1)
203 2855 253 2906 Tit.
273 2855 316 2918 19,
336 2853 352 2907 5
371 2851 416 2920 (de
434 2857 576 2924 praescript.
595 2857 684 2908 verbis
705 2859 730 2906 et
747 2855 889 2903 infactum
911 2853 984 2918 act).
1013 2853 1041 2904 0.
1059 2850 1085 2916 4,
1107 2846 1141 2902 64
1167 2849 1240 2916 (cod.
1259 2845 1318 2911 tit).

116 2927 168 2978 Mo
187 2943 222 2976 na
245 2927 268 2985 ἕ.
287 2926 349 2979 323.

153 2945 245 3062 291141.
263 2999 288 3050 1.
308 2999 330 3058 ἓ.
349 2997 375 3050 4.
394 2999 427 3047 D.
449 2999 475 3048 h.
494 3005 512 3049 t.
584 2996 613 3062 3)
632 3000 675 3050 Fr.
694 2995 718 3049 5.
736 3015 774 3063 pr.
793 3000 825 3048 D.
844 2993 905 3050 eod.
959 2994 1006 3058 ’4)
1024 2997 1067 3046 Fr.
1087 2993 1112 3048 5.
1132 2993 1154 3052 ἓ.
1179 2993 1203 3045 1.
1222 2995 1255 3044 Ι).
1275 2993 1317 3044 cit.

151 3065 177 3133 5)
199 3071 259 3136 Dig.
277 3070 320 3132 19,
339 3069 355 3120 3
375 3065 422 3132 (de
442 3069 630 3136 aestimatoria).
651 3069 692 3132 19,
710 3068 728 3121 4
748 3065 794 3134 (de
813 3085 899 3120 rerum
917 3063 1132 3134 permutatione).

153 3137 181 3204 6)
200 3141 243 3191 Fr.
263 3139 287 3192 5.
306 3141 327 3200 ἓ.
349 3141 373 3193 9.
393 3143 425 3192 D.
446 3143 471 3190 h.
493 3147 511 3192 t.
551 3144 630 3194 Notat
657 3148 747 3193 tamen
765 3141 865 3191 Paulus
890 3140 918 3190 in
937 3141 967 3188 tr.
990 3137 1013 3190 5.
1040 3136 1081 3188 13.
1103 3139 1128 3187 h.
1147 3142 1181 3186 t:
1212 3133 1316 3196 Quodsi

113 3213 231 3274 faciam,
254 3218 283 3262 ut
302 3214 364 3276 dcc,
384 3219 410 3263 et
429 3219 606 3283 posteaquam
624 3215 691 3276 teci,
712 3213 777 3264 dare
796 3227 894 3273 cossas,
912 3211 986 3262 nulla
1006 3212 1055 3261 crit
1074 3209 1158 3260 civilis
1180 3208 1264 3268 actio,
1291 3211 1317 3256 ct

113 3285 180 3336 ideo
202 3283 235 3334 de
256 3285 319 3335 dolo
339 3285 453 3334 dabitur.

153 3352 182 3409 7)
202 3355 244 3405 Fr.
266 3355 291 3406 5.
312 3355 335 3414 ἓ,
353 3357 379 3406 4.
399 3359 435 3406 D.
454 3355 514 3407 aod.

153 3423 181 3490 8)
202 3427 244 3477 Fr.
264 3423 288 3477 7.
311 3429 344 3478 D.
363 3429 389 3477 h.
409 3434 426 3478 t.
446 3431 476 3478 fr.
496 3425 521 3478 3.
542 3425 565 3484 ἓ.
584 3425 608 3476 9.
632 3422 656 3474 3.
685 3427 719 3474 D.
741 3421 782 3484 12,
802 3420 820 3473 4
842 3421 889 3488 (de
908 3419 1022 3471 condiet.
1045 3433 1128 3470 causa
1149 3417 1214 3466 dcta
1234 3428 1317 3464 causa
1408 3478 1409 3481 Ἴ

11 3505 13 3512 “
115 3514 174 3548 non
195 3495 306 3562 secuta).
325 3501 357 3549 fr.
377 3498 401 3549 1.
421 3499 443 3558 ἓ.
462 3497 488 3550 4.
507 3501 540 3549 D.
562 3497 603 3560 18,
622 3493 640 3546 4
660 3489 912 3562 (necromancia).
1520 3489 1521 3502 ¹

590 3775 852 3788 *W
