3064 4966
524 331 605 373 umn
626 329 658 372 tt.
676 330 744 372 snut
764 331 793 372 ιι.
815 325 874 373 ott.
893 335 936 373 ιιι.
1282 321 1333 382 171

128 461 327 545 potuissent3
351 459 401 522 his
423 463 525 522 uutem
547 475 611 522 non
632 441 859 536 existentibus,
883 465 1052 540 parentes,
1081 459 1108 524 si
1132 481 1172 527 ex
1195 478 1255 528 suo
1276 481 1334 528 or-

128 563 203 628 dine
225 559 360 624 heredes
382 560 420 623 ub
446 561 595 622 intestato
618 572 690 622 esse
711 543 923 648 potuerint'1).
966 563 1019 624 Nii
1042 563 1191 642 interest,
1215 561 1247 627 in
1271 581 1333 646 quu

127 667 218 745 purte
232 661 294 724 -rel
321 679 358 724 re
390 660 525 724 heredes
553 660 747 738 scribuntur,
780 662 901 724 etiamsi
930 663 962 725 in
991 665 1133 743 minimo,
1166 663 1258 728 modo
1282 665 1334 728 hio

127 764 242 837 honor,
264 767 299 822 ut
317 761 454 826 heredes
474 763 690 838 nominentur,
713 763 752 824 iis
775 761 935 826 detruutus
955 777 1018 826 non
1038 767 1082 828 sit
1093 765 1133 851 Β).

170 865 201 946 ᾖ.
215 863 288 928 604.
332 861 468 926 Possunt
481 868 584 926 nutem
599 863 631 924 et
648 863 707 924 suh
719 861 901 926 conditione
918 865 1058 941 institni3
1071 867 1180 946 utiquo
1194 879 1333 946 semper,

127 966 156 1029 si
178 965 212 1026 in
234 963 392 1027 deieotum
420 962 607 1026 conditionis
637 963 872 1026 exheredentur
885 963 931 1050 8);
966 963 1023 1027 sed
1048 963 1170 1029 etiamsi
1190 964 1331 1027 exhere-

127 1065 214 1129 dotio
236 1064 308 1126 tulis
330 1080 393 1126 non
415 1063 510 1126 suerit
532 1062 669 1140 adiectu,
695 1069 799 1127 tumen
823 1064 882 1126 suh
905 1063 1085 1130 conditione
1107 1070 1239 1146 possunt
1260 1064 1334 1127 ins·

126 1167 218 1242 titui,
248 1182 317 1246 que
338 1165 370 1226 in
391 1165 532 1244 ipsorum
555 1162 707 1228 heredum
730 1170 885 1244 potestate
908 1166 1005 1248 estt).
1050 1167 1111 1238 Qui
1128 1167 1178 1230 sui
1193 1165 1329 1228 heredes

127 1285 192 1336 nott
214 1272 304 1343 sunt,
336 1265 430 1328 etiam
451 1264 510 1328 sub
534 1265 653 1328 essuoti
675 1265 1012 1346 conditionepossunt
1031 1267 1147 1344 sorihi,
1177 1272 1209 1329 et
1231 1271 1334 1328 tostu-

127 1373 267 1435 mentum
298 1366 415 1430 tamdiu
447 1366 551 1442 velet,
584 1365 732 1446 quamdiu
763 1367 900 1430 conditio
924 1381 987 1430 non
1015 1367 1229 1454 defecerit⁵);
1263 1383 1332 1430 eum

127 1475 232 1535 antem
254 1485 332 1532 suus
355 1467 450 1530 heres
474 1466 534 1528 sub
558 1465 611 1528 tali
633 1467 816 1530 conditione
839 1467 1025 1544 instituitur,
1049 1467 1087 1530 uh
1110 1467 1198 1530 initio
1220 1467 1332 1530 inutile

129 1577 180 1636 ost
201 1574 421 1634 testamentum
432 1569 472 1656 θ).
494 1639 501 1652 ,

171 1669 288 1754 §.hom
334 1670 367 1734 Si
384 1664 529 1732 'tesntor
559 1670 615 1732 hos
644 1685 797 1750 personas
825 1669 961 1732 heredes
986 1670 1153 1734 instituere
1175 1667 1331 1756 poluerit,

127 1772 278 1853 quonium
302 1771 436 1854 ingrotae
457 1770 612 1834 adversus
635 1771 736 1851 ipsum
761 1769 897 1848 suerunt,
921 1770 1117 1836 exheredare
1139 1769 1191 1832 vel
1212 1773 1330 1850 praeto-

126 1875 194 1938 rire
216 1889 271 1936 eos
294 1870 405 1948 debet,
430 1869 588 1951 oiseiiptu
613 1874 645 1933 in
669 1877 856 1934 testamento
878 1872 996 1954 ingrtti
1022 1871 1116 1934 enimi
1145 1887 1259 1946 coust,
1291 1885 1332 1932 ex

127 1989 236 2036 eorum
266 1971 392 2052 quidem
421 1988 570 2047 numero,
603 1989 682 2052 ques
714 1970 799 2034 solus
831 1971 1022 2038 Iustinianus
1051 1973 1084 2034 in
1107 1968 1241 2036 Novella
1273 1985 1331 2050 pro
1445 1977 1450 1983 '

126 2074 219 2138 iustis
242 2077 275 2134 et
294 2071 445 2154 legitimis
470 2070 692 2158 declararint).
1335 2138 1336 2142 Ἰ

170 2177 201 2258 §-
215 2173 287 2238 606.
332 2171 527 2236 Exhereduri
550 2173 729 2236 nominatim
752 2172 868 2235 debent
890 2188 997 2236 omnes
1021 2172 1132 2248 liberi,
1153 2167 1356 2249 ,cuiuslibets

126 2273 262 2358 gradus,
285 2275 339 2356 qui
362 2274 421 2336 sub
441 2279 596 2354 potestate
622 2275 781 2336 testatoris
804 2279 889 2351 sunt,
913 2273 966 2335 vel
991 2271 1045 2354 qui
1062 2271 1219 2354 posthumi
1234 2270 1332 2334 futuri

128 2379 215 2450 sunt,
237 2375 342 2454 iisque
357 2373 485 2438 silentio
499 2375 665 2458 preteritis
689 2379 908 2438 testamentum
930 2391 999 2435 eum
1021 2374 1134 2450 veteri,
1157 2377 1220 2432 tum
1233 2386 1330 2434 oons-

125 2475 308 2538 titutionum
336 2475 414 2538 iure.
436 2492 562 2557 semper
592 2480 624 2537 et
652 2477 684 2538 in
719 2479 816 2537 totum
844 2473 964 2536 nullum
1003 2477 1052 2537 est
1084 2470 1224 2557 (nouitas
1251 2467 1330 2530 iuris

126 2575 272 2662 veteris).
303 2575 349 2652 ,si
372 2575 559 2654 emancipati
582 2580 656 2636 sunt
684 2575 807 2650 omissi,
841 2573 995 2636 bonorum
1026 2571 1188 2654 possessio
1218 2573 1329 2632 eontra

125 2675 249 2739 tubulus
273 2680 322 2738 est
342 2674 530 2764 admissai).
577 2674 610 2738 Si
636 2680 783 2758 parentes
804 2694 821 2738 u
844 2673 953 2736 liberis
986 2671 1136 2753 praeteriti
1167 2671 1231 2734 sint
1260 2675 1330 2732 tes-

126 2781 296 2840 tamentum
318 2794 381 2838 non
401 2775 585 2856 infirmatur,
611 2775 776 2839 dummodo
796 2776 877 2838 iusta
898 2773 1123 2856 praeteritionis
1145 2787 1241 2834 eausa
1263 2770 1324 2832 rite

127 2873 224 2948 suerit
248 2893 412 2960 expressa.
1056 2879 1058 2886 ’

169 2982 201 3061 §-
214 2973 286 3044 607.
332 2979 387 3043 Sin
408 2995 486 3041 vero
508 2978 589 3040 iusta
612 2979 644 3040 et
667 2975 807 3059 legitima
830 2971 1084 3038 exheredationis
1107 2973 1159 3036 vel
1183 2970 1331 3054 praeteri-

126 3079 223 3142 tionis
245 3095 339 3141 ouusa
359 3095 421 3140 non
446 3078 487 3140 sit
510 3094 680 3156 expresse,
704 3081 939 3150 testamentum,
972 3073 1055 3154 quod
1079 3073 1182 3134 veteri
1204 3074 1275 3135 iure
1297 3073 1330 3134 in

126 3179 177 3242 his
201 3178 327 3248 ossibus
349 3177 486 3240 validum
511 3176 695 3256 firmumque
711 3176 835 3252 fuisset,
859 3193 899 3236 ex
911 3173 1045 3237 Novello
1058 3173 1139 3235 CXV
1155 3173 1328 3236 seeundum

124 3275 278 3362 quosdam
300 3283 446 3342 auctores
468 3275 581 3342 inutile
604 3283 652 3340 est
672 3275 811 3362 (nuthlon
831 3275 909 3336 iuris
929 3274 1036 3360 nooi);
1059 3272 1234 3334 seeundum
1254 3269 1329 3351 plu-

123 3385 222 3446 rimos
240 3380 319 3442 otios
334 3378 554 3456 inofficiosum,
568 3384 600 3440 et
611 3377 783 3439 seeundum
797 3375 930 3440 medium
944 3375 1130 3436 sententium
1143 3371 1329 3452 profitentes
1408 3445 1414 3452 ο

123 3477 294 3562 aliquando
314 3479 523 3544 inofficiosum
541 3475 685 3555 hebetur,
706 3473 875 3558 aliquando
888 3471 1008 3538 nullum
1016 3493 1025 3550 ;
1048 3467 1221 3536 seeundum
1247 3467 1327 3534 aiios

125 3585 265 3664 denique
279 3582 470 3662 interpretes
483 3585 580 3642 totum
596 3581 645 3642 ius
662 3584 753 3641 retus
766 3597 784 3640 u
798 3577 970 3642 lustinieuo
986 3575 1183 3658 abrogatum,
1194 3591 1254 3636 uso
1267 3570 1329 3635 sliu

126 3718 326 3740 ‘'U-‘'⁶⁸⁸¹‘-

159 3805 188 3875 1)
209 3805 259 3860 Sui
277 3805 392 3858 horodes
408 3810 437 3859 et
453 3803 531 3857 liberi
549 3817 567 3854 o
576 3807 653 3872 petre
670 3802 831 3870 omeueipeti
850 3801 910 3854 iure
926 3766 1010 3854 ueteri
1026 3795 1183 3851 mostomii
1200 3799 1271 3858 sunt,
1287 3809 1331 3848 us·

124 3885 205 3950 lique
223 3893 344 3946 persone
358 3879 418 3930 iure
436 3891 519 3929 novo.

159 3949 189 4088 71
207 3946 359 4088 {geni
376 3944 504 4082 (0171177)
529 4013 576 4082 (he
592 4013 684 4068 herodi
702 4008 804 4078 tostin).

158 4092 189 4160 4)
207 4093 250 4144 Fr.
267 4090 294 4144 t.
311 4107 351 4158 pr.
367 4093 399 4142 ir.
418 4087 443 4142 6.
461 4101 500 4156 pr.
520 4090 553 4144 ir.
572 4085 615 4140 86.
633 4103 672 4153 pr.
690 4085 724 4135 D.
742 4083 786 4146 88,
807 4079 825 4135 h
844 4079 893 4148 (de
909 4083 1029 4137 herodii.
1048 4075 1153 4146 instit).

158 4162 187 4230 5)
206 4166 249 4216 Fr.
267 4161 293 4214 6.
311 4161 336 4221 §-
355 4161 380 4213 1.
398 4163 433 4212 D.
450 4161 488 4213 ib.
506 4175 529 4211 o.
548 4155 574 4210 7.
591 4159 621 4211 (h
643 4156 706 4209 eod.

157 4235 188 4302 6)
209 4235 253 4286 Fr.
273 4232 315 4286 its
334 4235 366 4285 ir.
388 4231 430 4286 ts.
450 4249 489 4300 pr.
507 4233 541 4282 t).
561 4227 604 4293 28,
622 4225 638 4280 7
658 4225 707 4291 (do
725 4225 825 4277 uendit.
843 4217 945 4288 instit).

159 4303 189 4372 7)
210 4307 303 4378 Neque
321 4305 390 4357 enim
411 4303 445 4356 do
463 4301 604 4355 omissione
614 4300 758 4352 liberorum
769 4296 911 4349 solenniter
924 4294 1180 4348 enumeratorum
1190 4289 1324 4346 Nonllb.

122 4378 270 4450 quidquem
290 4375 419 4436 nntium
437 4375 486 4428 nod
505 4372 615 4442 quondo
634 4367 810 4422 exheredetio
832 4381 924 4422 eorum
943 4365 1132 4432 siuslogitiuue
1150 4379 1235 4418 eoum
1253 4367 1323 4417 estet

120 4453 212 4512 soom
232 4447 430 4518 quaternionis
447 4445 510 4496 iuris
529 4459 624 4496 norme
642 4443 782 4493 immutate
800 4437 929 4495 habende
948 4441 997 4490 est
1014 4439 1059 4489 Pr.
1078 4437 1101 4498 ὃ.
1124 4435 1149 4489 3.
1164 4437 1184 4486 Ι.
1203 4437 1229 4486 h.
1249 4439 1268 4485 t.

128 4556 130 4561 -
157 4515 364 4587 8786801).
382 4516 427 4581 88,
445 4515 464 4570 ²
485 4513 524 4582 (h.
543 4510 583 4581 hh.
600 4516 637 4568 in
653 4510 696 4566 18.
715 4525 753 4578 pn
773 4513 808 4565 D.
827 4507 872 4577 87,
887 4507 908 4566 4
926 4506 975 4575 (dt
992 4510 1056 4564 bon.
1075 4521 1149 4576 poss.
1168 4523 1192 4560 o.
1212 4500 1291 4571 isin).
