3062 4972
573 315 653 354 ιιιιι
677 314 713 352 rr.
734 314 794 352 our.
815 315 847 351 rs.
1253 307 1307 366 325

151 451 181 532 ξ.
197 447 291 514 1133.
334 445 505 510 istratum
533 447 685 528 petitione
716 447 901 514 hereditatis
924 452 1069 526 tenetur,
1104 453 1158 530 qui
1182 453 1233 514 vel
1257 455 1308 518 ius

109 550 163 614 vei
179 569 247 612 rem
269 547 491 612 hereditariam
509 547 573 631 (vei
594 547 764 634 minimam)
785 571 841 610 rao
857 571 973 611 narrar
988 549 1041 612 vel
1060 573 1118 613 rao
1132 575 1309 620 rossrasoar

108 650 250 734 possidet
265 650 301 738 ¹).
345 647 404 711 Pro
430 647 548 710 herede
570 647 722 729 possidet,
748 651 801 728 qui
822 653 910 728 putat
930 667 967 712 se
987 649 1136 714 heredem
1153 669 1226 717 esse
1244 658 1264 717 i.
1280 675 1307 718 e.

110 753 164 832 qui
188 769 256 814 oum
277 769 341 813 non
363 751 405 811 sit
424 749 530 826 heres,
555 749 761 811 hereditatem
781 749 833 812 vei
849 769 915 812 rem
928 751 1148 816 hereditariam
1163 761 1308 836 masuam

111 855 225 929 heres,
253 851 305 913 uel
334 851 643 914 fideicommissarius
667 849 720 912 vel
750 851 902 914 bonorum
927 867 1095 932 possessor
1117 855 1310 943 possideto

110 953 168 1016 Pro
191 971 378 1035 possessore
404 951 546 1033 possidet
570 951 693 1032 predo,
726 953 780 1031 qui
810 953 1026 1034 interrogatus
1055 971 1112 1016 our
1139 955 1313 1035 possideat,

110 1069 325 1135 responsurus
349 1053 407 1114 sit:
440 1051 513 1130 paria
532 1049 698 1130 possideo,
728 1068 787 1112 nec
808 1051 976 1114 contendat
997 1069 1033 1122 se
1057 1053 1226 1132 heredem;
1258 1056 1313 1118 vel

111 1156 166 1236 qui
187 1172 245 1235 per
267 1153 462 1216 mendacium
482 1169 517 1215 sc
539 1152 690 1214 heredem
713 1152 805 1228 dicit,
835 1169 894 1214 nec
916 1152 1011 1216 uitam
1034 1173 1158 1218 causam
1179 1175 1313 1238 posses*

112 1257 209 1322 sionis
233 1261 338 1336 potest
361 1255 485 1316 nlicere:
517 1260 549 1317 et
575 1255 648 1318 ideo
676 1254 729 1316 ior
759 1260 791 1316 et
815 1260 923 1334 raptor
949 1258 1101 1335 petitione
1126 1259 1311 1322 hereditatis

111 1363 278 1434 tenentur,
308 1361 347 1437 et
362 1357 417 1435 qui
440 1374 480 1418 ox
501 1371 691 1436 quocunque
713 1355 777 1417 alio
798 1355 901 1432 titulo,
923 1358 1055 1420 scientes
1082 1375 1117 1421 se
1146 1377 1209 1422 non
1240 1363 1311 1423 iure

110 1459 290 1540 possidere,
311 1456 430 1537 aliquid
454 1475 494 1518 er
515 1457 693 1519 hereditate
712 1458 872 1544 tenenti).

153 1560 212 1624 Pro
234 1575 422 1642 possessore
444 1560 536 1621 etiam
563 1561 591 1620 is
620 1559 771 1634 habetur,
804 1566 858 1639 qni
881 1558 955 1622 dolo
976 1561 1144 1640 possidere
1166 1541 1262 1629 desiit
1272 1567 1310 1652 4),

112 1662 204 1725 datur
226 1661 364 1740 denique
386 1665 494 1722 contra
518 1659 653 1722 heredes
676 1649 796 1737 eorum,
821 1661 874 1740 qui
893 1677 952 1740 pro
966 1661 1150 1726 heredcvei
1165 1681 1312 1746 propos-

112 1779 241 1824 sessore
263 1760 479 1847 possidenti),
500 1778 644 1823 necnon
666 1762 697 1821 in
721 1777 797 1838 eos,
828 1762 882 1840 qui
906 1761 952 1823 liti
978 1779 1013 1824 sc
1040 1763 1192 1841 offerunt,
1224 1769 1314 1846 quasi

112 1863 332 1943 possiderent,
357 1861 433 1924 licat
454 1861 532 1923 nihil
554 1861 737 1942 possideant
750 1861 789 1948 6).
836 1862 895 1935 Qui
924 1881 1003 1926 vero
1034 1866 1191 1948 singulari
1219 1867 1312 1930 titulo

112 1963 297 2044 possident,
328 1964 387 2024 hac
408 1963 533 2024 actione
556 1963 720 2024 conveniri
742 1979 805 2024 non
827 1970 979 2042 possunt,
1011 1967 1067 2028 sed
1094 1965 1312 2049 singularibus

112 2063 291 2140 actionibus
310 2081 365 2125 res
386 2064 424 2126 ab
446 2063 511 2126 iilis
533 2063 678 2144 petendo
699 2068 774 2124 sunt
790 2063 828 2149 ²).

154 2168 184 2248 ξ.
199 2164 290 2228 1134.
335 2165 476 2228 Officium
498 2165 612 2228 iudicis
628 2166 660 2225 in
683 2164 743 2226 hac
763 2164 979 2228 aetioneidem
1001 2164 1070 2228 iere
1084 2171 1142 2243 est,
1164 2173 1258 2248 atque
1279 2171 1313 2231 ia

112 2285 219 2332 rerum
241 2265 437 2348 singularum
460 2267 623 2347 petitione.
667 2265 801 2328 Restitui
824 2265 934 2328 iubere
958 2265 1063 2342 dehet,
1088 2267 1173 2346 quod
1195 2268 1313 2332 aduer-

81 2449 89 2458 ,
113 2371 217 2432 sarius
237 2367 391 2449 possidet
431 2367 635 2430 destituenda
657 2368 757 2450 igitur
778 2372 851 2428 sunt
874 2365 984 2429 heredi
1006 2385 1070 2430 non
1099 2374 1216 2432 tantum
1239 2387 1313 2432 cor-

81 2489 187 2552 pora
210 2468 417 2545 hereditoria,
439 2469 495 2534 sed
519 2474 551 2530 et
572 2483 714 2548 quaenon
737 2473 810 2530 sunt
822 2467 1027 2545 hereditoria,
1057 2485 1190 2548 quorum
1211 2475 1314 2534 tamen

113 2571 289 2653 periculum
309 2569 347 2632 ad
371 2569 520 2632 heredem
541 2571 689 2650 pertinet,
715 2575 750 2630 ut
770 2587 824 2632 res
845 2571 974 2652 pignori
994 2570 1073 2632 datae
1096 2570 1244 2634 defuncto
1261 2571 1315 2636 vel

114 2671 316 2736 connodata
340 2671 544 2750 depositaria,
569 2671 643 2732 iiam
669 2687 746 2750 quas
770 2669 937 2732 defunctus
963 2688 1022 2750 pro
1046 2677 1186 2751 emptore
1206 2676 1314 2754 possi·

114 2775 181 2849 det,
202 2773 307 2836 aliove
330 2771 421 2834 titulo
442 2789 621 2852 usucapere
646 2772 742 2851 cmpit
752 2769 790 2856 ⁸).
835 2770 912 2834 item
934 2788 996 2834 non
1025 2771 1127 2836 solum
1158 2792 1216 2850 ea„
1245 2791 1317 2854 quas

113 2875 224 2937 mortis
245 2879 386 2953 ternpore
409 2872 548 2948 iuerunt,
571 2873 798 2948 verumetiam,
821 2872 848 2934 si
870 2889 930 2951 qua
953 2878 1061 2952 postea
1074 2879 1241 2956 augmenta
1254 2875 1317 2940 he·-

114 2977 242 3042 rcditati
256 2978 469 3038 accesserunt.
505 2971 580 3034 Nam
605 2972 765 3036 hereditas
789 2977 819 3033 et
840 2978 1042 3055 augmentum
1064 2975 1187 3055 recipit,
1212 2981 1243 3038 et
1264 2977 1316 3038 di-

115 3077 339 3142 minutionem:
364 3072 420 3136 sed
443 3079 474 3135 et
497 3091 544 3150 ea,
571 3091 640 3156 quae
660 3080 732 3154 post
752 3073 865 3136 aditam
888 3073 1093 3138 hereditatem
1107 3075 1261 3138 accedunt
1276 3095 1317 3140 ex

115 3182 184 3262 ipsa
208 3176 382 3240 hereditate
394 3173 440 3264 ⁹):
464 3177 562 3258 igitur
585 3181 616 3238 et
631 3193 737 3236 omnes
752 3175 884 3251 fructus,
908 3176 1024 3256 quippe
1041 3177 1094 3255 qui
1110 3175 1317 3242 hereditatem

116 3279 302 3366 augentii).
325 3276 401 3338 Item
425 3277 576 3354 actiones,
600 3277 628 3338 si
641 3292 717 3356 quos
741 3292 908 3358 possessor
930 3281 1040 3338 nactus
1064 3281 1123 3353 est,
1147 3278 1319 3340 restituere

117 3380 223 3446 debet.

162 3479 305 3562 51135..
342 3477 497 3540 Praeterea
519 3475 614 3538 multa
638 3477 816 3538 invenimus
841 3476 880 3538 de
904 3477 1056 3557 petitione
1078 3475 1261 3538 hereditatis
1286 3480 1317 3537 et

119 3582 161 3644 de
184 3581 343 3643 distractis
365 3578 460 3640 rebus
483 3577 695 3654 hereditariis,
719 3576 757 3639 de
781 3575 854 3640 dolo
874 3578 1035 3658 praeterito
1057 3582 1088 3638 et
1109 3577 1148 3639 de
1163 3575 1317 3638 fructibus

118 3719 318 3732 ——nn—-a

157 3795 185 3863 1)
204 3800 247 3852 Fr.
263 3797 289 3852 4.
305 3800 329 3853 3.
349 3797 393 3852 10.
408 3817 447 3866 po.
468 3800 501 3851 D.
521 3801 548 3854 h.
567 3806 585 3852 t.

156 3867 185 3934 2)
204 3871 247 3922 Fr.
267 3871 310 3924 11.
330 3889 370 3939 pr.
389 3873 423 3922 D.
442 3872 502 3922 eod.
522 3870 545 3930 §-
566 3872 592 3924 3.
610 3869 672 3935 rs,
692 3871 727 3925 15
749 3870 794 3938 (ds
806 3869 973 3939 interdictis).

155 3939 185 4006 3)
203 3942 247 3992 Fr.
267 3943 309 3995 11.
332 3943 375 3996 12.
394 3941 436 3994 13.
455 3961 496 4009 pr.
516 3943 539 4003 ἓ.
559 3944 584 3996 1.
602 3947 638 3996 ir.
656 3942 697 3994 16.
717 3943 740 4003 ἓ.
757 3942 783 3996 4.
803 3947 835 3996 ir.
854 3943 898 3996 46.
916 3947 950 3996 D.
961 3946 987 3996 h.
1006 3950 1024 3996 t.
1045 3943 1104 3996 Gari.
1116 3941 1141 3995 2.
1161 3939 1316 4002 §.DQ-57.

117 4034 145 4067 s.
170 4012 318 4079 Vccrparew
339 4013 436 4074 §.505-

154 4080 187 4148 4)
206 4085 249 4136 rr.
268 4084 313 4137 13.
329 4085 353 4146 5.
371 4086 397 4138 2.
415 4083 457 4137 14.
475 4087 507 4138 fr.
526 4084 569 4138 to
590 4084 651 4144 §.8-
669 4089 703 4138 D.
726 4087 752 4137 h.
770 4091 789 4136 t.
809 4083 890 4138 Mi.
909 4084 964 4144 §.a
983 4083 1083 4148 D.o,1
1107 4081 1319 4152 (densavimus.

156 4153 183 4220 5)
204 4157 247 4206 Fr.
264 4155 305 4209 13.
327 4157 350 4216 i.
371 4157 395 4210 3.
418 4155 460 4208 11.
480 4159 514 4208 D.
534 4159 560 4208 h.
577 4161 596 4207 t.
703 4154 731 4224 6)
751 4159 794 4209 Fr.
818 4157 859 4210 13.
878 4157 901 4216 ἓ.
921 4154 963 4208 13.
982 4157 1043 4207 sod.

158 4223 308 4358 71)611ξ.6ο.
328 4226 357 4280 t.
373 4229 403 4281 0.
421 4230 484 4279 h.t.
504 4246 527 4281 o.
540 4227 568 4281 4.
589 4229 619 4280 0.
637 4224 665 4292 7,
681 4225 717 4281 31
735 4227 775 4294 tiu
793 4231 893 4298 quibus
909 4243 983 4279 caus.
1002 4231 1090 4280 coeo
1106 4228 1125 4278 1.
1145 4233 1163 4279 t.
1181 4222 1306 4294 proserp.

118 4304 152 4354 fr.
294 4302 440 4353 .D.h.t.
566 4333 568 4338 ,

157 4367 187 4430 8)
206 4371 249 4422 rr.
269 4369 312 4425 la.
330 4389 371 4438 pr.
389 4372 411 4432 i.
431 4371 456 4422 1.
477 4371 501 4423 2.
519 4373 552 4428 ir.
574 4369 616 4424 13.
638 4369 662 4431 §a
682 4369 723 4422 11.
742 4372 774 4422 D.
794 4371 820 4421 h.
841 4376 860 4422 t.
961 4369 991 4437 3)
1009 4372 1053 4422 Fr.
1071 4371 1113 4425 20.
1136 4367 1159 4428 §-
1177 4367 1202 4420 3.
1221 4367 1284 4421 eod.

140 4437 187 4506 10)
206 4441 249 4562 ἓν.
269 4441 311 4495 20.
337 4443 360 4502 i.
379 4442 405 4496 3.
424 4444 467 4495 eit.
491 4444 524 4495 ir.
542 4439 585 4496 25.
611 4443 637 4494 in
655 4445 673 4495 i.
692 4443 723 4494 ir.
742 4440 785 4494 26.
810 4444 843 4493 D.
862 4441 923 4494 aod.
949 4445 996 4496 eir.
1015 4445 1047 4494 ir.
1065 4440 1108 4494 40.
1134 4439 1159 4500 ἓ.
1176 4438 1201 4492 2.
1225 4443 1257 4492 n.
1276 4437 1319 4493 24.

121 4513 157 4567 1).
176 4527 236 4564 eo.
