3098 4966
211 315 264 375 168
528 322 727 362 susurronem
746 321 820 362 tum
839 321 942 362 mm
962 318 1082 362 nuvnrt.

211 452 345 534 sancivit
358 451 395 536 1).
439 450 522 516 Dein
544 469 627 515 nova
654 452 879 516 eonsIItutione
904 451 997 538 (Nov.
1018 450 1133 539 XVIII)
1158 453 1308 540 legilime
1331 475 1411 540 por-

209 556 302 618 tlonis
324 555 527 633 quantitatem
549 556 646 630 auxit,
670 555 712 617 ita
738 553 876 633 quidem,
899 559 933 614 ut
955 555 1242 634 praepreret„eam
1265 577 1322 638 pro
1345 577 1411 620 nu·
1517 599 1518 606 κ

210 675 297 720 mero
310 655 520 738 legibimorum
540 654 702 738 heredum,
724 653 762 716 ad
779 651 984 716 beredItatem
999 654 1037 718 ab
1050 657 1198 721 intestato
1214 666 1411 735 vocatorum,

210 757 262 820 vel
291 757 414 820 tertiam
442 755 495 818 vel
523 754 680 818 dimidiam
709 755 860 838 legitime
891 755 1075 818 hereditatIs
1105 759 1260 837 porti0nis
1290 765 1412 840 partem

212 875 284 924 esse
313 856 443 920 debere.
473 903 476 908 .

252 962 282 1041 ἕ.
294 958 367 1026 592.
411 958 557 1038 Demque
580 958 612 1018 in
642 956 723 1021 Nov.
747 956 827 1018 CXV
857 956 991 1038 piurima
1020 957 1184 1020 innovavit
1210 958 1249 1022 ad
1279 959 1412 1026 liberam

212 1059 424 1122 exheredandi
447 1057 500 1121 vel
521 1057 733 1139 pretereundi
754 1057 913 1120 licentiam
929 1057 1153 1132 coercendam
1178 1061 1312 1122 sancivit
1325 1061 1413 1124 enim

84 1238 89 1246 ι
211 1160 269 1224 Irae
291 1161 383 1244 lege:
409 1159 473 1237 ,Ne
495 1159 561 1222 ullo
584 1160 675 1222 modo
698 1159 779 1240 patri
801 1164 855 1220 aut
877 1159 978 1234 rnatri,
1001 1176 1063 1220 avo
1086 1164 1141 1220 aut
1162 1159 1260 1236 avire,
1289 1178 1411 1240 proavo

212 1267 283 1340 ,aut
305 1263 444 1340 proaviae
465 1259 561 1322 filium
580 1277 681 1336 suum,
703 1265 756 1321 aut
777 1257 870 1320 tiliam
891 1265 944 1320 aut
965 1258 1107 1338 reIIquos
1130 1257 1248 1322 liberos
1262 1261 1293 1320 in
1308 1265 1412 1330 testa-

213 1367 335 1441 „mento
356 1378 414 1423 suo
435 1361 610 1440 praeterire,
634 1359 831 1422 exheredare
855 1358 968 1422 liceret
999 1359 1074 1442 (etsi
1097 1378 1283 1441 quacunque
1307 1360 1412 1424 dona-

116 1521 121 1536 ,
213 1464 338 1543 ,tione‚
366 1462 418 1524 vel
438 1462 564 1544 legato,
595 1461 647 1522 vel
671 1460 911 1523 fideicommisso
933 1459 986 1522 vel
1008 1461 1069 1523 alio
1098 1478 1287 1540 quocunque
1316 1461 1412 1524 modo

213 1568 349 1644 ,partem
371 1562 496 1644 legibus
517 1561 581 1624 illis
602 1562 736 1624 debitam
757 1559 927 1646 dederint),
949 1561 1011 1621 nisi
1034 1560 1115 1622 sorte
1136 1561 1251 1643 ingrati
1268 1562 1411 1641 proben-

212 1666 291 1740 ,tur,
315 1666 347 1722 et
366 1666 512 1742 parentes
533 1663 616 1741 Ipsas
639 1660 877 1742 ingratitudinis
900 1677 1010 1722 causas
1023 1661 1208 1730 nominatim
1222 1665 1409 1724 testamento

215 1777 290 1840 ,suo
313 1759 567 1840 adscripserint.“
612 1760 728 1822 Causas
753 1760 809 1822 has
831 1761 899 1840 Ipse
923 1761 955 1821 in
976 1760 1084 1824 eadem
1105 1760 1239 1824 Novella
1260 1760 1412 1822 determi-

213 1862 317 1935 navit3
350 1878 468 1940 easque
497 1862 558 1922 nisi
588 1861 625 1922 ab
656 1863 808 1922 insIItutis
836 1859 1007 1922 heredibus
1037 1860 1183 1940 probatas
1213 1877 1305 1922 veras
1339 1878 1411 1924 esse

213 1959 326 2024 noluit.
370 1961 402 2024 Si
427 1960 495 2022 haec
517 1962 631 2024 omissa
656 1967 774 2037 essent,
798 1966 1015 2023 testamentum
1039 1961 1142 2040 quoad
1165 1960 1294 2024 heredis
1316 1963 1411 2023 insti-

215 2062 367 2124 tutionem
389 2061 501 2124 inutiIe
528 2080 599 2124 esse
621 2065 782 2144 precepit,
806 2062 938 2142 reliquis
960 2063 1029 2124 eius
1051 2061 1205 2142 capitibus
1228 2063 1260 2124 in
1282 2079 1341 2124 suo
1355 2080 1411 2124 ro-

212 2162 291 2224 bore
312 2162 521 2225 manentibus.

254 2263 371 2344 §.5923-
416 2262 595 2326 Secundum
620 2265 687 2326 bec
715 2265 784 2328 iura
806 2270 838 2326 et
861 2263 917 2324 bas
941 2263 1032 2345 leges
1064 2262 1119 2348 (de
1148 2281 1279 2343 quarum
1309 2269 1413 2326 tamen

214 2364 472 2444 Interpretatione
487 2363 616 2425 multum
629 2363 835 2448 disputatur),
859 2364 919 2426 iarn
941 2364 1114 2426 novissimo
1128 2365 1197 2425 iure
1213 2363 1414 2426 diiudicanda
1522 2357 1523 2364 '

213 2469 304 2541 sunt,
335 2482 404 2528 cum
426 2470 556 2545 propter
577 2467 709 2528 iniustas
733 2463 995 2526 exheredationes
1023 2462 1075 2548 vel
1106 2465 1336 2543 praeteritiones
1358 2467 1414 2528 in-

215 2563 323 2641 utilia,
359 2571 422 2626 tum
446 2565 618 2628 inofficiosa
647 2571 841 2628 testamenta.
886 2564 933 2626 De
955 2563 1091 2646 singulis
1116 2582 1199 2626 nuno
1225 2563 1412 2647 diligentius

214 2683 419 2748 exponemus.

474 2849 542 2900 TIT.
561 2849 620 2900 VII.
656 2849 705 2900 DE
723 2848 901 2928 nummula
920 2849 1103 2902 PORTIONE
1116 2846 1147 2914 ²).

257 3005 287 3082 ξ.
300 2968 388 3068 594¹
417 2999 540 3061 Itebent
562 3015 640 3080 ergo
662 3003 813 3060 testantes
841 3013 878 3059 eo
900 2999 1025 3078 pietatis
1048 2997 1151 3060 officio
1173 2999 1280 3081 fungi,
1311 3004 1346 3060 ut
1368 2997 1413 3059 li·
1523 3043 1524 3066 ,

214 3103 300 3165 berIs
335 3101 401 3164 suis
424 3105 484 3162 tarn
506 3100 587 3161 natis
619 3097 733 3184 (veluti
755 3098 827 3160 filiis
851 3103 882 3159 et
904 3098 1025 3160 filiabus
1050 3099 1101 3161 vel
1127 3101 1219 3161 etiam
1244 3100 1413 3178 nepotibus

208 3204 426 3284 neptibusque
446 3219 485 3262 ex
505 3205 692 3280 praemortuo
705 3199 769 3261 filio
792 3199 844 3260 vel
860 3198 923 3260 filia
940 3199 1192 3286 superstitibus),
1215 3217 1306 3279 quam
1321 3206 1414 3280 post-

214 3306 335 3380 humis,
367 3307 482 3365 certam
504 3302 657 3363 bonorum
680 3317 809 3361 suorum
830 3305 949 3380 partem
971 3300 1162 3380 relinquant,
1190 3317 1259 3379 quae
1282 3299 1414 3380 tepitimo

218 3406 317 3488 vulgo
351 3400 531 3487 vocaturi).
576 3401 660 3462 Idern
694 3399 828 3462 osticium
860 3405 909 3462 est
941 3399 1222 3496 liberorumerga
1252 3408 1411 3481 parentes,

216 3503 341 3591 quando
365 3504 425 3584 Ipsi
457 3503 525 3564 sine
555 3500 821 3562 descendentibus
844 3501 1019 3561 moriuntur
1033 3500 1074 3586 4).
1119 3501 1280 3562 Fratribus
1310 3509 1412 3565 autem

218 3612 249 3668 et
275 3603 438 3666 sororibus
463 3602 620 3684 germanis
645 3606 698 3662 aut
722 3603 967 3683 consanguineis
997 3619 1058 3664 non
1082 3602 1215 3663 debetur
1238 3603 1304 3664 haec
1327 3602 1414 3685 logi-

217 3707 290 3766 tima
313 3705 433 3784 portio,
467 3703 528 3764 nisi
551 3719 620 3764 cum
644 3707 776 3762 testator
800 3707 920 3782 turpem
949 3719 1115 3782 personam
1143 3702 1292 3764 heredem
1320 3703 1414 3763 insti-

219 3807 332 3880 tuerit,
365 3803 395 3864 b.
421 3821 448 3864 e.
471 3802 579 3878 talem,
610 3817 681 3882 quae
713 3801 763 3863 vel
796 3802 929 3864 infamiae
959 3803 1009 3864 vel
1032 3804 1236 3884 turpitudinis
1258 3801 1310 3863 vel
1331 3803 1415 3864 levis

218 3909 301 3966 notae
324 3903 444 3964 macula
469 3907 593 3964 notatur
606 3902 645 3987 ὃ).
688 3901 833 3981 Denique
855 3920 913 3963 neo
935 3904 1068 3964 uterinis
1090 3903 1237 3965 fratribus
1253 3911 1306 3966 aut
1320 3923 1414 3967 soro-

218 4004 306 4066 ribus
328 4019 432 4082 neque
457 4002 579 4064 ceteris
601 4002 743 4084 cognatis
765 4002 824 4063 hoc
846 4001 982 4064 cilicium
1004 4019 1140 4082 unquam
1164 4003 1297 4066 debetur
1310 4005 1349 4091 ⁶).

213 4120 411 4135 ψ

248 4209 275 4335 a
292 4210 316 4262 0

228 4279 310 4418 a

248 4423 280 4560 a

319 4207 387 4262 ..30.
407 4209 436 4260 0.
454 4207 481 4274 3,
499 4207 533 4261 28
552 4207 603 4276 (tit.
624 4207 688 4277 cit).
708 4209 731 4269 ἓ.
750 4208 829 4262 3-5.
847 4208 913 4274 Ι.2,
938 4208 971 4263 18
991 4209 1038 4277 (de
1058 4212 1132 4264 inoff.
1153 4209 1234 4277 test.).

311 4287 361 4333 nst.
382 4281 408 4344 2,
428 4277 470 4332 18.
489 4283 522 4331 D.
542 4279 567 4344 5,
588 4280 612 4332 2.
631 4282 660 4332 0.
682 4279 708 4345 3,
727 4281 761 4334 28
781 4280 828 4348 (de
845 4283 918 4333 inoff.
937 4279 1065 4347 testam).

298 4355 340 4404 Pr.
358 4352 379 4402 Ι.
395 4353 511 4411 h.d.sr.
531 4349 556 4402 3.
575 4353 607 4414 fr.
626 4351 651 4406 5.
671 4353 694 4412 ἓ.
716 4352 740 4404 1.
761 4355 794 4404 D.
813 4354 909 4406 eod.-
1003 4403 1007 4414 ,

300 4423 324 4484 ἓ.
343 4422 367 4475 1.
387 4415 407 4473 Ϊ.
429 4423 490 4474 eod.
508 4425 539 4477 fr.
560 4422 584 4473 1.
604 4425 639 4474 D.
654 4424 681 4474 h.
701 4428 720 4473 t.
821 4419 849 4488 b)
870 4425 899 4475 G.
918 4419 961 4476 27.
981 4424 1010 4476 0.
1029 4425 1056 4475 h.
1075 4429 1093 4474 t.

300 4492 809 4568 §.Lindicomedisti-ibid.
884 4561 886 4566 Ι
940 4542 977 4569 Δὶ
1033 4549 1040 4558 ,,
1376 4549 1382 4557 ,
