3098 4966
599 367 718 408 uiarum.
741 367 808 406 rnna
823 369 841 404 ι.
859 368 917 406 oar.
929 369 972 405 ιιι.
1340 358 1393 414 117

185 505 307 562 trorum
328 497 531 562 aedilioiorum
545 498 581 584 ¹).
626 495 711 560 lnter
734 497 815 560 hano
845 502 877 560 et
906 497 1093 560 servitutem
1120 505 1307 585 prospectus
1331 500 1391 564 hoo

185 600 330 675 interest,
354 599 439 679 quod
460 602 493 661 in
514 604 686 680 prospectu
708 599 779 681 plus
806 601 876 680 quis
901 598 1006 675 habet,
1029 616 1069 660 ne
1092 600 1168 680 quid
1191 601 1219 663 ei
1232 600 1388 664 officiatur

185 697 225 761 ad
249 700 423 782 gratiorem
449 706 651 781 prospectum
673 706 704 762 et
726 701 758 762 in
781 700 933 763 liberum:
958 701 989 762 in
1015 700 1185 764 luminibus
1206 707 1389 765 autemnon

186 799 328 876 officere,
351 819 391 863 ne
414 801 529 863 lumina
553 801 738 882 ouiusquam
753 801 939 864 obso'uriora
954 799 1038 865 liant.
1071 801 1296 882 Quodcumque
1311 819 1389 884 ergo

185 901 240 964 fiat
263 900 301 963 ad
326 899 453 962 luminis
477 901 741 982 impedimentum,
768 903 930 983 prohiberi
952 907 1057 984 potest
1067 901 1105 989 2).
1139 901 1246 966 Simile
1269 904 1318 964 ius
1342 909 1390 965 est

186 1002 326 1064 servitus
354 1001 448 1064 altius
478 1020 541 1064 non
568 1001 720 1080 tollendi,
754 1021 815 1083 qua
844 1004 967 1065 vicinus
1000 1005 1032 1064 iu
1057 1008 1198 1065 nostram
1225 1001 1390 1065 utilitatem

185 1101 272 1165 edes
296 1119 370 1164 suas
393 1102 487 1164 altius
512 1102 626 1166 tollere
644 1103 883 1193 prohibeturt).
930 1104 1076 1177 Quaenam
1097 1109 1200 1166 autem
1228 1103 1269 1164 sit
1297 1100 1391 1164 altius

188 1203 323 1268 tollendi
336 1203 488 1279 servitus,
503 1205 587 1266 inter
600 1204 843 1270 iurisconsultus
857 1206 983 1267 minime
999 1197 1246 1280 convenit,'oum
1261 1208 1392 1283 propter

185 1305 362 1369 naturalem
387 1305 516 1368 edificia
546 1311 653 1368 nostra
676 1306 769 1368 altius
793 1306 925 1370 tollendi
948 1306 1141 1381 libertatern,
1173 1306 1227 1366 vix
1256 1305 1391 1386 cogitari

186 1411 288 1488 possIt
310 1407 483 1468 necessitas
505 1407 642 1487 proprie
672 1407 847 1482 servitutis,
872 1424 931 1485 qua
955 1406 1077 1468 demum
1100 1405 1194 1466 altius
1218 1401 1391 1465 edificandi

186 1513 375 1590 potestatem
397 1493 595 1586 aequiramus
607 1507 647 1592 ⁴).
671 1507 815 1569 Attamen
838 1525 899 1568 non
922 1505 1042 1568 inutilis
1065 1523 1138 1568 esse
1163 1503 1289 1566 videtur
1303 1505 1393 1582 eius-

187 1609 271 1672 modi
302 1609 441 1670 servitus
465 1615 573 1670 oontra
596 1610 799 1684 servitutem,
824 1606 1053 1670 uoluminibus
1077 1612 1129 1668 aut
1151 1624 1191 1667 ne
1213 1605 1395 1686 prospectui

187 1709 363 1784 officiatur,
396 1710 501 1770 vicino
525 1726 719 1772 conoessum.
764 1709 839 1770 Nam
865 1726 933 1770 oum
959 1709 1029 1770 iure
1053 1706 1180 1769 dominii
1209 1704 1302 1766 altius
1330 1704 1395 1767 tol-

187 1811 257 1874 lere
285 1827 348 1872 non
376 1811 534 1890 possimus
559 1809 669 1872 obius
694 1811 800 1885 vicini,
828 1809 911 1889 quod
934 1809 1096 1870 remittere
1118 1824 1181 1869 non
1206 1805 1293 1904 velit,
1317 1823 1394 1886 pro-

187 1912 257 1991 pria
280 1911 434 1972 servitute
451 1910 543 1972 nobis
559 1928 638 1990 opus
666 1917 715 1973 est
736 1909 830 1973 altius
852 1908 996 1972 tollendi.

231 2015 261 2092 §-
274 2010 347 2073 414.
391 2009 581 2072 Praediorum
604 2010 742 2090 denique
764 2011 955 2074 urbanorum
976 2014 1048 2070 sunt
1066 2009 1205 2070 servitus
1229 2007 1392 2070 foraminis

188 2113 220 2174 in
244 2113 305 2174 imo
327 2112 449 2192 pariete
472 2111 631 2173 conclavis
654 2111 706 2173 vel
731 2111 871 2187 triolivii,
897 2109 1066 2190 proluendi
1089 2109 1260 2189 pavimenti
1284 2124 1390 2182 causa,

189 2212 217 2273 si
239 2210 332 2273 modo
356 2212 388 2271 in
414 2228 484 2275 eum
504 2211 607 2273 locum
629 2211 749 2291 aliquid
773 2231 812 2274 ex
835 2211 916 2274 coelo
937 2195 1026 2290 a'quae
1056 2209 1224 2294 veniat⁵);
1260 2207 1391 2282 latrinae,

188 2310 324 2386 oloaote,
359 2329 419 2390 qua
443 2313 566 2372 vioinus
589 2311 701 2374 sordes
725 2318 756 2374 et
779 2311 951 2375 colluvium
974 2317 1152 2373 nostrarum
1174 2308 1285 2370 aedium
1306 2309 1393 2368 reoi-

187 2429 265 2492 pere
284 2413 411 2494 cogitur
422 2415 462 2500 ⁶),
481 2413 621 2475 ouniouli
634 2413 786 2478 balnearii
803 2413 949 2489 habendi,
973 2413 1045 2475 item
1065 2412 1139 2473 lumi
1155 2408 1340 2472 immittendi
1353 2409 1391 2494 ⁷),

189 2530 302 2594 aquam
326 2512 507 2578 effundendi
531 2513 582 2576 vel
605 2515 691 2577 aliud
714 2516 789 2596 quid
812 2514 954 2577 mittendi
977 2514 1008 2574 in
1023 2510 1294 2592 prediumvioini,
1318 2510 1391 2571 item

148 2652 152 2659 -
190 2616 327 2696 positum
350 2615 469 2694 aliquid
493 2616 524 2676 in
548 2633 587 2677 eo
609 2615 743 2678 habendi
756 2617 796 2702 ⁸),
820 2615 1013 2694 similesque,
1038 2629 1106 2692 quae
1127 2630 1166 2673 ex
1187 2611 1264 2690 ipsis
1289 2609 1395 2671 verbis
1423 2672 1425 2675 ,

190 2733 255 2779 non
278 2715 447 2778 difficulter
469 2716 703 2800 intelliguntur.

190 2839 213 2896 q,
233 2819 264 2898 ᾖ.
275 2816 349 2882 415.
394 2815 573 2878 servitutes
593 2817 780 2896 praediorum
795 2821 927 2896 possunt
942 2815 1034 2878 etiam
1049 2814 1101 2875 uni
1120 2818 1236 2876 tantum
1251 2829 1394 2893 personae

193 2917 363 2980 constitui:
386 2933 449 2996 quo
472 2916 565 2993 laeto,
588 2918 671 2979 siout
689 2924 811 2980 oeterae
824 2933 1030 2997 personarum
1047 2915 1230 2989 servitutes,
1254 2930 1323 2975 oum
1342 2912 1394 2992 ip-

192 3022 259 3082 sius
282 3025 382 3082 morte
403 3020 701 3107 exstinguuntur9).

195 3259 258 3329 sl)
278 3262 321 3312 Fr.
340 3257 366 3311 4.
386 3266 412 3312 et
431 3259 472 3314 17.
489 3265 523 3314 D.
543 3257 603 3313 aod.
622 3262 653 3312 fr.
672 3261 714 3314 23.
734 3265 794 3315 eod.
895 3257 923 3325 2)
943 3259 985 3310 Fr.
1005 3256 1046 3311 15.
1070 3255 1100 3308 D.
1120 3259 1146 3310 h.
1166 3263 1183 3308 t

229 3331 258 3398 3)
278 3332 301 3390 ἓ.
319 3330 344 3382 2.
363 3332 382 3380 1.
401 3333 461 3384 h.t.
480 3334 502 3394 ἓ.
522 3333 547 3386 2.
566 3331 629 3397 1.4‚
648 3333 729 3400 tilde
747 3333 820 3400 aot).
838 3336 870 3386 ir.
891 3333 915 3385 2.
938 3328 968 3380 D.
987 3329 1013 3393 8,
1031 3329 1049 3380 2
1070 3329 1109 3398 (h.
1129 3328 1170 3393 t).

229 3401 259 3468 4)
277 3404 365 3470 Vulgo
386 3405 464 3457 altius
483 3405 597 3458 tollendi
616 3408 728 3459 seruitus
743 3408 860 3458 ereditur
879 3417 936 3456 esse
954 3403 996 3453 ius
1015 3402 1084 3452 ultra
1104 3401 1249 3466 legitimam
1268 3399 1392 3448 editicio-

193 3494 252 3531 rum
272 3473 438 3543 altitudinem
458 3477 615 3529 aedificandi.
653 3480 695 3529 An
713 3495 776 3530 vero
795 3479 835 3528 ius
855 3475 992 3542 publioum
1013 3473 1185 3524 edificiorum
1202 3471 1288 3537 paotis
1306 3469 1394 3536 priva-

194 3560 282 3604 torum
302 3548 399 3596 mutari
416 3551 524 3615 potest?
560 3551 712 3602 Pronoeant
729 3551 885 3616 interpretas
904 3545 941 3596 ad
960 3563 983 3596 o.
995 3543 1036 3597 12.
1056 3543 1079 3604 ἓ.
1091 3543 1114 3594 1.
1135 3541 1199 3605 ou,
1214 3539 1248 3592 10
1267 3539 1314 3606 (da
1332 3539 1394 3592 aedi·

193 3621 261 3676 fiolis
279 3617 411 3685 privatis).

194 3709 206 3756 p
230 3687 258 3756 5)
276 3690 319 3740 Fr.
339 3685 381 3740 28.
404 3687 433 3741 D.
452 3692 478 3742 h.
498 3697 516 3743 t.

230 3761 263 3827 6)
276 3761 320 3812 Fr.
340 3755 364 3810 7.
387 3758 416 3812 D.
434 3760 460 3824 8,
480 3762 494 3812 1
517 3760 564 3827 (de
582 3760 691 3828 servit).
708 3765 738 3814 ir.
760 3760 783 3812 1.
804 3761 826 3821 ἓ.
845 3757 870 3812 4.
891 3755 922 3809 Ι).
943 3755 987 3821 43,
1006 3755 1041 3809 23
1060 3753 1108 3822 (de
1127 3750 1248 3818 oloaois).

195 3831 259 3901 27)
277 3835 320 3884 Fr.
337 3827 363 3881 8.
384 3829 416 3884 D.
436 3830 462 3897 8,
482 3831 499 3884 5
518 3832 552 3898 (si
571 3836 684 3887 servitus
703 3831 796 3897 vind).

230 3901 259 3970 8)
280 3905 323 3955 Fr.
344 3898 387 3954 17.
406 3905 429 3965 §.
449 3905 472 3955 1.
496 3902 526 3955 D.
547 3906 608 3956 eod.

231 3973 260 4041 a)
281 3976 311 4025 r.
329 3971 355 4025 4.
375 3974 400 4027 o.
419 3993 457 4042 pr.
476 3978 507 4027 n.
525 3972 568 4028 er.
590 3974 619 4026 o.
638 3975 664 4039 a,
681 3974 698 4027 3
717 3973 764 4040 (ue
778 3974 809 4038 s.
832 3975 862 4024 r.
882 3967 934 4035 a).
953 3972 984 4022 a.
1004 3968 1029 4020 o.
1051 3965 1082 4019 ι).
1102 3967 1146 4030 33.
1165 3966 1181 4020 3
1203 3964 1251 4031 (de
1270 3981 1337 4017 serv·
1359 3965 1395 4016 ¹0·

196 4046 281 4115 quial·
299 4049 331 4096 fr·
350 4043 392 4096 14.
412 4048 435 4106 §-
454 4045 479 4098 3.
505 4045 534 4097 Ι).
553 4047 601 4111 34,
621 4045 635 4098 1
654 4045 701 4112 (da
720 4046 853 4098 alimentis
874 4047 900 4093 et
918 4043 969 4092 oib.
988 4039 1104 4106 legatis).
1141 4041 1214 4090 Finis
1232 4039 1309 4089 huius
1326 4039 1397 4102 frag-

195 4120 277 4171 menti
296 4119 334 4170 ita
360 4118 491 4185 legendus
516 4125 570 4170 est:
595 4134 657 4171 nam
686 4123 713 4169 et
730 4120 843 4170 haustus
862 4129 938 4180 aquae
957 4117 986 4163 ut
1002 4114 1105 4178 peeoris
1130 4112 1166 4162 ad
1186 4125 1285 4178 aquam
1303 4107 1395 4174 appul-

154 4207 158 4216 ’
197 4206 243 4242 sus
262 4194 304 4241 est
322 4191 452 4254 servitum
476 4206 596 4256 personae
613 4196 704 4242 tamen
725 4190 796 4253 eius,
816 4187 861 4256 qui
879 4185 980 4238 doinus
999 4200 1053 4236 nou
1073 4189 1121 4244 ast,
1139 4199 1194 4235 non
1212 4181 1339 4234 inutiliter
1356 4193 1396 4228 re-

195 4262 329 4329 linquitur.
