<?xml version="1.0" encoding="UTF-8"?>
<!DOCTYPE html PUBLIC "-//W3C//DTD XHTML 1.0 Transitional//EN"
    "http://www.w3.org/TR/xhtml1/DTD/xhtml1-transitional.dtd">
<html xmlns="http://www.w3.org/1999/xhtml" xml:lang="en" lang="en">
 <head>
  <title>
</title>
<meta http-equiv="Content-Type" content="text/html;charset=utf-8" />
  <meta name='ocr-system' content='tesseract 3.04.00' />
  <meta name='ocr-capabilities' content='ocr_page ocr_carea ocr_par ocr_line ocrx_word'/>
</head>
<body>
  <div class='ocr_page' id='page_1' title='image "./institutionesiu01warngoog_0117.png"; bbox 0 0 3098 4966; ppageno 0'>
   <div class='ocr_carea' id='block_1_1' title="bbox 208 341 1084 398">
    <p class='ocr_par' dir='ltr' id='par_1_1' title="bbox 208 341 1084 398">
     <span class='ocr_line' id='line_1_1' title="bbox 208 341 1084 398; baseline 0 -11"><span class='ocrx_word' id='word_1_1' title='bbox 208 341 244 398; x_wconf 76' lang='grc'><strong>98</strong></span> <span class='ocrx_word' id='word_1_2' title='bbox 527 349 726 388; x_wconf 61' lang='grc' dir='ltr'><strong>ΙΙΙΤΙῙΙΠΙΜΙΟ</strong></span> <span class='ocrx_word' id='word_1_3' title='bbox 746 349 819 388; x_wconf 67' lang='lat' dir='ltr'><strong>built</strong></span> <span class='ocrx_word' id='word_1_4' title='bbox 839 347 942 386; x_wconf 70' lang='grc' dir='ltr'><strong>ΙΟΙΛΙΙ</strong></span> <span class='ocrx_word' id='word_1_5' title='bbox 962 347 1084 388; x_wconf 65' lang='lat' dir='ltr'><strong>rutubi.</strong></span> 
     </span>
    </p>
   </div>
   <div class='ocr_carea' id='block_1_2' title="bbox 211 479 1406 570">
    <p class='ocr_par' dir='ltr' id='par_1_2' title="bbox 211 479 1406 570">
     <span class='ocr_line' id='line_1_2' title="bbox 211 479 1406 570; baseline -0.007 -26"><span class='ocrx_word' id='word_1_6' title='bbox 211 501 279 546; x_wconf 89' lang='lat' dir='ltr'><strong>rem</strong></span> <span class='ocrx_word' id='word_1_7' title='bbox 301 483 362 546; x_wconf 87' lang='lat' dir='ltr'><strong>soli</strong></span> <span class='ocrx_word' id='word_1_8' title='bbox 386 495 444 560; x_wconf 91' lang='lat' dir='ltr'><strong>per</strong></span> <span class='ocrx_word' id='word_1_9' title='bbox 464 480 622 542; x_wconf 79' lang='lat' dir='ltr'>biennium</span> <span class='ocrx_word' id='word_1_10' title='bbox 648 482 682 542; x_wconf 89' lang='lat' dir='ltr'><strong>in</strong></span> <span class='ocrx_word' id='word_1_11' title='bbox 704 480 796 542; x_wconf 90' lang='lat' dir='ltr'><strong>bonis</strong></span> <span class='ocrx_word' id='word_1_12' title='bbox 818 479 996 556; x_wconf 74' lang='lat' dir='ltr'><strong>habuisset,</strong></span> <span class='ocrx_word' id='word_1_13' title='bbox 1023 495 1084 570; x_wconf 79' lang='lat' dir='ltr'><strong>per</strong></span> <span class='ocrx_word' id='word_1_14' title='bbox 1105 481 1189 540; x_wconf 79' lang='lat' dir='ltr'><strong>bunc</strong></span> <span class='ocrx_word' id='word_1_15' title='bbox 1210 495 1320 554; x_wconf 78' lang='lat' dir='ltr'><strong>usun,</strong></span> <span class='ocrx_word' id='word_1_16' title='bbox 1347 493 1406 540; x_wconf 87' lang='lat' dir='ltr'><strong>scu</strong></span> 
     </span>
    </p>
   </div>
   <div class='ocr_carea' id='block_1_3' title="bbox 96 578 1406 670">
    <p class='ocr_par' dir='ltr' id='par_1_3' title="bbox 96 578 1406 670">
     <span class='ocr_line' id='line_1_3' title="bbox 96 578 1406 670; baseline -0.002 -27"><span class='ocrx_word' id='word_1_17' title='bbox 96 660 106 670; x_wconf 41' lang='lat'>·</span> <span class='ocrx_word' id='word_1_18' title='bbox 210 601 268 662; x_wconf 90' lang='lat' dir='ltr'><strong>per</strong></span> <span class='ocrx_word' id='word_1_19' title='bbox 289 583 369 644; x_wconf 80' lang='lat' dir='ltr'><strong>bunc</strong></span> <span class='ocrx_word' id='word_1_20' title='bbox 389 583 643 662; x_wconf 88' lang='lat' dir='ltr'><strong>possessionem,</strong></span> <span class='ocrx_word' id='word_1_21' title='bbox 674 597 728 643; x_wconf 86' lang='lat' dir='ltr'><strong>cus</strong></span> <span class='ocrx_word' id='word_1_22' title='bbox 749 599 789 643; x_wconf 85' lang='lat' dir='ltr'><strong>ex</strong></span> <span class='ocrx_word' id='word_1_23' title='bbox 812 583 881 642; x_wconf 90' lang='lat' dir='ltr'><strong>iure</strong></span> <span class='ocrx_word' id='word_1_24' title='bbox 905 581 1071 654; x_wconf 77' lang='lat' dir='ltr'><strong>Quiritium</strong></span> <span class='ocrx_word' id='word_1_25' title='bbox 1091 580 1151 641; x_wconf 90' lang='lat' dir='ltr'><strong>sibi</strong></span> <span class='ocrx_word' id='word_1_26' title='bbox 1172 580 1353 660; x_wconf 76' lang='lat' dir='ltr'>acquireret</span> <span class='ocrx_word' id='word_1_27' title='bbox 1366 578 1406 662; x_wconf 85' lang='lat'><strong>¹),</strong></span> 
     </span>
    </p>
   </div>
   <div class='ocr_carea' id='block_1_4' title="bbox 208 678 1406 763">
    <p class='ocr_par' dir='ltr' id='par_1_4' title="bbox 208 678 1406 763">
     <span class='ocr_line' id='line_1_4' title="bbox 208 678 1406 763; baseline -0.003 -21"><span class='ocrx_word' id='word_1_28' title='bbox 208 697 271 762; x_wconf 86' lang='lat' dir='ltr'><strong>qua</strong></span> <span class='ocrx_word' id='word_1_29' title='bbox 294 684 488 763; x_wconf 72' lang='lat' dir='ltr'><strong>usucapione</strong></span> <span class='ocrx_word' id='word_1_30' title='bbox 510 689 542 744; x_wconf 89' lang='lat' dir='ltr'><strong>et</strong></span> <span class='ocrx_word' id='word_1_31' title='bbox 562 685 608 759; x_wconf 89' lang='lat' dir='ltr'><strong>is,</strong></span> <span class='ocrx_word' id='word_1_32' title='bbox 633 684 688 762; x_wconf 81' lang='lat' dir='ltr'><strong>qui</strong></span> <span class='ocrx_word' id='word_1_33' title='bbox 709 682 790 744; x_wconf 84' lang='lat' dir='ltr'><strong>bonu</strong></span> <span class='ocrx_word' id='word_1_34' title='bbox 814 681 875 744; x_wconf 82' lang='lat' dir='ltr'><strong>lide</strong></span> <span class='ocrx_word' id='word_1_35' title='bbox 899 699 966 743; x_wconf 89' lang='lat' dir='ltr'><strong>rem</strong></span> <span class='ocrx_word' id='word_1_36' title='bbox 989 701 1007 744; x_wconf 84' lang='lat' dir='ltr'><strong>u</strong></span> <span class='ocrx_word' id='word_1_37' title='bbox 1027 699 1091 743; x_wconf 87' lang='lat' dir='ltr'><strong>uon</strong></span> <span class='ocrx_word' id='word_1_38' title='bbox 1113 681 1239 743; x_wconf 90' lang='lat' dir='ltr'><strong>domino</strong></span> <span class='ocrx_word' id='word_1_39' title='bbox 1262 678 1406 740; x_wconf 78' lang='lat' dir='ltr'><strong>traditum</strong></span> 
     </span>
    </p>
   </div>
   <div class='ocr_carea' id='block_1_5' title="bbox 205 778 1533 862">
    <p class='ocr_par' dir='ltr' id='par_1_5' title="bbox 205 778 1533 862">
     <span class='ocr_line' id='line_1_5' title="bbox 205 778 1533 862; baseline -0.003 -16"><span class='ocrx_word' id='word_1_40' title='bbox 205 778 351 860; x_wconf 76' lang='lat' dir='ltr'><strong>babebat,</strong></span> <span class='ocrx_word' id='word_1_41' title='bbox 374 783 543 846; x_wconf 76' lang='lat' dir='ltr'><strong>dominium</strong></span> <span class='ocrx_word' id='word_1_42' title='bbox 562 783 702 844; x_wconf 83' lang='lat' dir='ltr'><strong>nancisci</strong></span> <span class='ocrx_word' id='word_1_43' title='bbox 722 783 825 862; x_wconf 91' lang='lat' dir='ltr'><strong>potuit</strong></span> <span class='ocrx_word' id='word_1_44' title='bbox 835 782 871 862; x_wconf 82' lang='lat'><strong>¹).</strong></span> <span class='ocrx_word' id='word_1_45' title='bbox 914 780 1026 843; x_wconf 84' lang='lat' dir='ltr'><strong>Postea</strong></span> <span class='ocrx_word' id='word_1_46' title='bbox 1048 783 1255 862; x_wconf 86' lang='lat' dir='ltr'><strong>imperatores</strong></span> <span class='ocrx_word' id='word_1_47' title='bbox 1277 783 1329 858; x_wconf 90' lang='lat' dir='ltr'><strong>iis,</strong></span> <span class='ocrx_word' id='word_1_48' title='bbox 1352 781 1407 861; x_wconf 86' lang='lat' dir='ltr'><strong>qui</strong></span> <span class='ocrx_word' id='word_1_49' title='bbox 1532 787 1533 792; x_wconf 77' lang='grc'>’</span> 
     </span>
    </p>
   </div>
   <div class='ocr_carea' id='block_1_6' title="bbox 207 883 1408 966">
    <p class='ocr_par' dir='ltr' id='par_1_6' title="bbox 207 883 1408 966">
     <span class='ocr_line' id='line_1_6' title="bbox 207 883 1408 966; baseline -0.001 -19"><span class='ocrx_word' id='word_1_50' title='bbox 207 884 324 966; x_wconf 78' lang='lat' dir='ltr'><strong>predic</strong></span> <span class='ocrx_word' id='word_1_51' title='bbox 345 885 563 964; x_wconf 68' lang='lat' dir='ltr'><strong>provincialia,</strong></span> <span class='ocrx_word' id='word_1_52' title='bbox 589 885 621 944; x_wconf 91' lang='lat' dir='ltr'><strong>in</strong></span> <span class='ocrx_word' id='word_1_53' title='bbox 643 883 757 963; x_wconf 86' lang='lat' dir='ltr'><strong>quibus</strong></span> <span class='ocrx_word' id='word_1_54' title='bbox 779 883 874 944; x_wconf 83' lang='lat' dir='ltr'><strong>ciuile</strong></span> <span class='ocrx_word' id='word_1_55' title='bbox 894 883 1064 945; x_wconf 86' lang='lat' dir='ltr'><strong>dominium</strong></span> <span class='ocrx_word' id='word_1_56' title='bbox 1085 885 1253 963; x_wconf 75' lang='lat' dir='ltr'><strong>acquirere</strong></span> <span class='ocrx_word' id='word_1_57' title='bbox 1268 901 1333 946; x_wconf 93' lang='lat' dir='ltr'><strong>non</strong></span> <span class='ocrx_word' id='word_1_58' title='bbox 1346 899 1408 964; x_wconf 92' lang='lat' dir='ltr'><strong>po-</strong></span> 
     </span>
    </p>
   </div>
   <div class='ocr_carea' id='block_1_7' title="bbox 146 979 1533 1068">
    <p class='ocr_par' dir='ltr' id='par_1_7' title="bbox 146 979 1533 1068">
     <span class='ocr_line' id='line_1_7' title="bbox 146 979 1533 1068; baseline -0.002 -20"><span class='ocrx_word' id='word_1_59' title='bbox 146 1025 149 1031; x_wconf 92' lang='lat'>·</span> <span class='ocrx_word' id='word_1_60' title='bbox 209 991 323 1061; x_wconf 82' lang='lat' dir='ltr'><strong>terent,</strong></span> <span class='ocrx_word' id='word_1_61' title='bbox 345 1003 404 1066; x_wconf 91' lang='lat' dir='ltr'><strong>per</strong></span> <span class='ocrx_word' id='word_1_62' title='bbox 425 985 554 1067; x_wconf 84' lang='lat' dir='ltr'><strong>longum</strong></span> <span class='ocrx_word' id='word_1_63' title='bbox 577 991 700 1064; x_wconf 90' lang='lat' dir='ltr'><strong>tempus</strong></span> <span class='ocrx_word' id='word_1_64' title='bbox 719 985 935 1064; x_wconf 87' lang='lat' dir='ltr'><strong>possidebant,</strong></span> <span class='ocrx_word' id='word_1_65' title='bbox 957 985 1175 1064; x_wconf 69' lang='lat' dir='ltr'><strong>exceptione·</strong></span> <span class='ocrx_word' id='word_1_66' title='bbox 1199 985 1248 1068; x_wconf 87' lang='lat' dir='ltr'><strong>(et</strong></span> <span class='ocrx_word' id='word_1_67' title='bbox 1267 984 1408 1065; x_wconf 88' lang='lat' dir='ltr'><strong>replica-</strong></span> <span class='ocrx_word' id='word_1_68' title='bbox 1532 979 1533 1006; x_wconf 64' lang='lat'>¹</span> 
     </span>
    </p>
   </div>
   <div class='ocr_carea' id='block_1_8' title="bbox 161 1083 1409 1278">
    <p class='ocr_par' dir='ltr' id='par_1_8' title="bbox 161 1083 1409 1278">
     <span class='ocr_line' id='line_1_8' title="bbox 208 1083 1409 1174; baseline -0.001 -26"><span class='ocrx_word' id='word_1_69' title='bbox 208 1087 340 1174; x_wconf 81' lang='lat' dir='ltr'><strong>tionem)</strong></span> <span class='ocrx_word' id='word_1_70' title='bbox 365 1085 419 1147; x_wconf 83' lang='lat' dir='ltr'><strong>uel</strong></span> <span class='ocrx_word' id='word_1_71' title='bbox 441 1086 709 1166; x_wconf 73' lang='lat' dir='ltr'><strong>prescriptionem</strong></span> <span class='ocrx_word' id='word_1_72' title='bbox 733 1085 822 1167; x_wconf 81' lang='lat' dir='ltr'><strong>longi</strong></span> <span class='ocrx_word' id='word_1_73' title='bbox 843 1087 1005 1164; x_wconf 87' lang='lat' dir='ltr'><strong>temporis,</strong></span> <span class='ocrx_word' id='word_1_74' title='bbox 1026 1083 1080 1146; x_wconf 84' lang='lat' dir='ltr'><strong>uel</strong></span> <span class='ocrx_word' id='word_1_75' title='bbox 1102 1084 1208 1166; x_wconf 79' lang='lat' dir='ltr'><strong>longe</strong></span> <span class='ocrx_word' id='word_1_76' title='bbox 1224 1087 1409 1164; x_wconf 90' lang='lat' dir='ltr'><strong>possessio-</strong></span> 
     </span>
     <span class='ocr_line' id='line_1_9' title="bbox 161 1185 1409 1278; baseline -0.002 -30"><span class='ocrx_word' id='word_1_77' title='bbox 161 1252 169 1278; x_wconf 39' lang='lat'><strong>·</strong></span> <span class='ocrx_word' id='word_1_78' title='bbox 208 1188 257 1248; x_wconf 89' lang='lat' dir='ltr'><strong>nis</strong></span> <span class='ocrx_word' id='word_1_79' title='bbox 280 1186 409 1248; x_wconf 83' lang='lat' dir='ltr'><strong>dedisse</strong></span> <span class='ocrx_word' id='word_1_80' title='bbox 430 1185 589 1260; x_wconf 89' lang='lat' dir='ltr'><strong>videntur,</strong></span> <span class='ocrx_word' id='word_1_81' title='bbox 614 1203 653 1247; x_wconf 88' lang='lat' dir='ltr'><strong>eo</strong></span> <span class='ocrx_word' id='word_1_82' title='bbox 677 1185 804 1264; x_wconf 85' lang='lat' dir='ltr'><strong>quidem</strong></span> <span class='ocrx_word' id='word_1_83' title='bbox 817 1185 962 1260; x_wconf 89' lang='lat' dir='ltr'><strong>consilio,</strong></span> <span class='ocrx_word' id='word_1_84' title='bbox 984 1190 1019 1246; x_wconf 93' lang='lat' dir='ltr'><strong>ut</strong></span> <span class='ocrx_word' id='word_1_85' title='bbox 1035 1185 1189 1247; x_wconf 85' lang='lat' dir='ltr'><strong>eiusmodi</strong></span> <span class='ocrx_word' id='word_1_86' title='bbox 1202 1201 1409 1265; x_wconf 78' lang='lat' dir='ltr'><strong>possessores</strong></span> 
     </span>
    </p>
   </div>
   <div class='ocr_carea' id='block_1_9' title="bbox 209 1265 1533 1367">
    <p class='ocr_par' dir='ltr' id='par_1_9' title="bbox 209 1265 1533 1367">
     <span class='ocr_line' id='line_1_10' title="bbox 209 1265 1533 1367; baseline -0.003 -15"><span class='ocrx_word' id='word_1_87' title='bbox 209 1305 282 1352; x_wconf 88' lang='lat' dir='ltr'><strong>sese</strong></span> <span class='ocrx_word' id='word_1_88' title='bbox 305 1293 414 1350; x_wconf 82' lang='lat' dir='ltr'><strong>contre</strong></span> <span class='ocrx_word' id='word_1_89' title='bbox 444 1289 589 1367; x_wconf 88' lang='lat' dir='ltr'><strong>quemvis</strong></span> <span class='ocrx_word' id='word_1_90' title='bbox 616 1292 801 1348; x_wconf 83' lang='lat' dir='ltr'><strong>extraneum</strong></span> <span class='ocrx_word' id='word_1_91' title='bbox 832 1292 1009 1348; x_wconf 88' lang='lat' dir='ltr'><strong>tuerentur.</strong></span> <span class='ocrx_word' id='word_1_92' title='bbox 1054 1285 1144 1359; x_wconf 79' lang='lat' dir='ltr'><strong>Quod</strong></span> <span class='ocrx_word' id='word_1_93' title='bbox 1175 1287 1224 1347; x_wconf 89' lang='lat' dir='ltr'><strong>ius</strong></span> <span class='ocrx_word' id='word_1_94' title='bbox 1255 1287 1348 1348; x_wconf 85' lang='lat' dir='ltr'><strong>etiem</strong></span> <span class='ocrx_word' id='word_1_95' title='bbox 1375 1287 1410 1348; x_wconf 84' lang='lat' dir='ltr'><strong>in</strong></span> <span class='ocrx_word' id='word_1_96' title='bbox 1472 1321 1475 1330; x_wconf 89' lang='lat'><strong>.</strong></span> <span class='ocrx_word' id='word_1_97' title='bbox 1532 1265 1533 1316; x_wconf 38' lang='grc' dir='ltr'>ἶ</span> 
     </span>
    </p>
   </div>
   <div class='ocr_carea' id='block_1_10' title="bbox 190 1386 1412 2277">
    <p class='ocr_par' dir='ltr' id='par_1_10' title="bbox 190 1386 1412 2080">
     <span class='ocr_line' id='line_1_11' title="bbox 208 1386 1410 1470; baseline -0.003 -16"><span class='ocrx_word' id='word_1_98' title='bbox 208 1388 375 1454; x_wconf 83' lang='lat' dir='ltr'><strong>mobilibus</strong></span> <span class='ocrx_word' id='word_1_99' title='bbox 397 1388 494 1450; x_wconf 89' lang='lat' dir='ltr'><strong>rebus</strong></span> <span class='ocrx_word' id='word_1_100' title='bbox 521 1388 674 1464; x_wconf 89' lang='lat' dir='ltr'><strong>obtinuit,</strong></span> <span class='ocrx_word' id='word_1_101' title='bbox 698 1390 831 1450; x_wconf 79' lang='lat' dir='ltr'><strong>maxime</strong></span> <span class='ocrx_word' id='word_1_102' title='bbox 859 1407 918 1468; x_wconf 91' lang='lat' dir='ltr'><strong>per</strong></span> <span class='ocrx_word' id='word_1_103' title='bbox 938 1386 1012 1449; x_wconf 86' lang='lat' dir='ltr'><strong>Diui</strong></span> <span class='ocrx_word' id='word_1_104' title='bbox 1034 1387 1139 1470; x_wconf 82' lang='lat' dir='ltr'><strong>lingui</strong></span> <span class='ocrx_word' id='word_1_105' title='bbox 1162 1387 1314 1451; x_wconf 73' lang='lat' dir='ltr'><strong>Antonini</strong></span> <span class='ocrx_word' id='word_1_106' title='bbox 1335 1405 1410 1450; x_wconf 86' lang='lat' dir='ltr'><strong>res-</strong></span> 
     </span>
     <span class='ocr_line' id='line_1_12' title="bbox 211 1487 1411 1578; baseline -0.002 -26"><span class='ocrx_word' id='word_1_107' title='bbox 211 1492 310 1571; x_wconf 85' lang='lat' dir='ltr'><strong>cripte</strong></span> <span class='ocrx_word' id='word_1_108' title='bbox 326 1489 366 1578; x_wconf 73' lang='lat'><strong>⁸).</strong></span> <span class='ocrx_word' id='word_1_109' title='bbox 409 1487 468 1550; x_wconf 89' lang='lat' dir='ltr'><strong>Per</strong></span> <span class='ocrx_word' id='word_1_110' title='bbox 496 1490 736 1550; x_wconf 78' lang='lat' dir='ltr'><strong>constitutiones</strong></span> <span class='ocrx_word' id='word_1_111' title='bbox 767 1491 944 1569; x_wconf 86' lang='lat' dir='ltr'><strong>principum</strong></span> <span class='ocrx_word' id='word_1_112' title='bbox 967 1505 1096 1569; x_wconf 84' lang='lat' dir='ltr'><strong>quoque</strong></span> <span class='ocrx_word' id='word_1_113' title='bbox 1117 1494 1236 1552; x_wconf 88' lang='lat' dir='ltr'><strong>eertum</strong></span> <span class='ocrx_word' id='word_1_114' title='bbox 1259 1491 1411 1570; x_wconf 76' lang='lat' dir='ltr'><strong>temporis</strong></span> 
     </span>
     <span class='ocr_line' id='line_1_13' title="bbox 209 1589 1412 1674; baseline -0.001 -21"><span class='ocrx_word' id='word_1_115' title='bbox 209 1591 343 1671; x_wconf 80' lang='lat' dir='ltr'><strong>spatium</strong></span> <span class='ocrx_word' id='word_1_116' title='bbox 356 1589 384 1674; x_wconf 74' lang='lat'><strong>⁴)</strong></span> <span class='ocrx_word' id='word_1_117' title='bbox 404 1595 455 1650; x_wconf 91' lang='lat' dir='ltr'><strong>est</strong></span> <span class='ocrx_word' id='word_1_118' title='bbox 476 1589 646 1663; x_wconf 88' lang='lat' dir='ltr'><strong>delinitum,</strong></span> <span class='ocrx_word' id='word_1_119' title='bbox 668 1607 732 1670; x_wconf 86' lang='lat' dir='ltr'><strong>quo</strong></span> <span class='ocrx_word' id='word_1_120' title='bbox 754 1595 884 1669; x_wconf 82' lang='lat' dir='ltr'><strong>perroto</strong></span> <span class='ocrx_word' id='word_1_121' title='bbox 905 1591 1136 1670; x_wconf 66' lang='lat' dir='ltr'><strong>proscriptioni</strong></span> <span class='ocrx_word' id='word_1_122' title='bbox 1157 1589 1248 1652; x_wconf 89' lang='lat' dir='ltr'><strong>locus</strong></span> <span class='ocrx_word' id='word_1_123' title='bbox 1261 1607 1335 1652; x_wconf 88' lang='lat' dir='ltr'><strong>esse</strong></span> <span class='ocrx_word' id='word_1_124' title='bbox 1348 1607 1412 1670; x_wconf 92' lang='lat' dir='ltr'><strong>po-</strong></span> 
     </span>
     <span class='ocr_line' id='line_1_14' title="bbox 210 1687 1411 1770; baseline -0.001 -18"><span class='ocrx_word' id='word_1_125' title='bbox 210 1696 282 1752; x_wconf 89' lang='lat' dir='ltr'><strong>test.</strong></span> <span class='ocrx_word' id='word_1_126' title='bbox 328 1689 372 1750; x_wconf 85' lang='lat' dir='ltr'><strong>ltu</strong></span> <span class='ocrx_word' id='word_1_127' title='bbox 399 1689 457 1750; x_wconf 87' lang='lat' dir='ltr'><strong>bae</strong></span> <span class='ocrx_word' id='word_1_128' title='bbox 479 1687 569 1770; x_wconf 79' lang='lat' dir='ltr'><strong>longi</strong></span> <span class='ocrx_word' id='word_1_129' title='bbox 591 1690 741 1769; x_wconf 91' lang='lat' dir='ltr'><strong>temporis</strong></span> <span class='ocrx_word' id='word_1_130' title='bbox 763 1691 1003 1770; x_wconf 84' lang='lat' dir='ltr'><strong>prescriptione</strong></span> <span class='ocrx_word' id='word_1_131' title='bbox 1022 1690 1074 1766; x_wconf 92' lang='lat' dir='ltr'><strong>iis,</strong></span> <span class='ocrx_word' id='word_1_132' title='bbox 1097 1692 1152 1770; x_wconf 84' lang='lat' dir='ltr'><strong>qui</strong></span> <span class='ocrx_word' id='word_1_133' title='bbox 1172 1689 1335 1752; x_wconf 88' lang='lat' dir='ltr'><strong>vindicare</strong></span> <span class='ocrx_word' id='word_1_134' title='bbox 1355 1707 1411 1751; x_wconf 89' lang='lat' dir='ltr'><strong>res</strong></span> 
     </span>
     <span class='ocr_line' id='line_1_15' title="bbox 209 1789 1411 1870; baseline 0 -19"><span class='ocrx_word' id='word_1_135' title='bbox 209 1807 284 1853; x_wconf 87' lang='lat' dir='ltr'><strong>suas</strong></span> <span class='ocrx_word' id='word_1_136' title='bbox 307 1789 475 1865; x_wconf 81' lang='lat' dir='ltr'><strong>volebant,</strong></span> <span class='ocrx_word' id='word_1_137' title='bbox 502 1808 563 1851; x_wconf 92' lang='lat' dir='ltr'><strong>nee</strong></span> <span class='ocrx_word' id='word_1_138' title='bbox 585 1791 787 1870; x_wconf 80' lang='lat' dir='ltr'><strong>usucapionis</strong></span> <span class='ocrx_word' id='word_1_139' title='bbox 809 1791 928 1852; x_wconf 78' lang='lat' dir='ltr'><strong>auxilio</strong></span> <span class='ocrx_word' id='word_1_140' title='bbox 950 1793 994 1852; x_wconf 86' lang='lat' dir='ltr'><strong>uti</strong></span> <span class='ocrx_word' id='word_1_141' title='bbox 1023 1795 1186 1870; x_wconf 89' lang='lat' dir='ltr'><strong>poterant,</strong></span> <span class='ocrx_word' id='word_1_142' title='bbox 1217 1790 1411 1853; x_wconf 80' lang='lat' dir='ltr'><strong>satisfactum</strong></span> 
     </span>
     <span class='ocr_line' id='line_1_16' title="bbox 210 1889 1412 1972; baseline -0.003 -18"><span class='ocrx_word' id='word_1_143' title='bbox 210 1896 277 1964; x_wconf 79' lang='lat' dir='ltr'><strong>cst3</strong></span> <span class='ocrx_word' id='word_1_144' title='bbox 298 1889 356 1950; x_wconf 92' lang='lat' dir='ltr'><strong>sed</strong></span> <span class='ocrx_word' id='word_1_145' title='bbox 379 1907 471 1952; x_wconf 86' lang='lat' dir='ltr'><strong>ounne</strong></span> <span class='ocrx_word' id='word_1_146' title='bbox 492 1891 541 1950; x_wconf 88' lang='lat' dir='ltr'><strong>ius</strong></span> <span class='ocrx_word' id='word_1_147' title='bbox 558 1890 652 1950; x_wconf 90' lang='lat' dir='ltr'><strong>buius</strong></span> <span class='ocrx_word' id='word_1_148' title='bbox 668 1891 916 1970; x_wconf 71' lang='lat' dir='ltr'><strong>prescriptionis</strong></span> <span class='ocrx_word' id='word_1_149' title='bbox 931 1891 1078 1970; x_wconf 84' lang='lat' dir='ltr'><strong>equitate</strong></span> <span class='ocrx_word' id='word_1_150' title='bbox 1091 1891 1191 1972; x_wconf 78' lang='lat' dir='ltr'><strong>magis</strong></span> <span class='ocrx_word' id='word_1_151' title='bbox 1206 1891 1412 1964; x_wconf 71' lang='lat' dir='ltr'><strong>consistebat,</strong></span> 
     </span>
     <span class='ocr_line' id='line_1_17' title="bbox 190 1990 1294 2080; baseline -0.003 -26"><span class='ocrx_word' id='word_1_152' title='bbox 190 2009 282 2054; x_wconf 81' lang='lat' dir='ltr'><strong>cum</strong></span> <span class='ocrx_word' id='word_1_153' title='bbox 307 1992 459 2071; x_wconf 87' lang='lat' dir='ltr'><strong>usucapio</strong></span> <span class='ocrx_word' id='word_1_154' title='bbox 479 1991 519 2053; x_wconf 91' lang='lat' dir='ltr'><strong>ad</strong></span> <span class='ocrx_word' id='word_1_155' title='bbox 540 1993 680 2054; x_wconf 86' lang='lat' dir='ltr'><strong>strictam</strong></span> <span class='ocrx_word' id='word_1_156' title='bbox 703 1993 781 2080; x_wconf 78' lang='lat' dir='ltr'><strong>iuris</strong></span> <span class='ocrx_word' id='word_1_157' title='bbox 803 1990 910 2052; x_wconf 90' lang='lat' dir='ltr'><strong>civilis</strong></span> <span class='ocrx_word' id='word_1_158' title='bbox 932 2010 1071 2054; x_wconf 83' lang='lat' dir='ltr'><strong>normam</strong></span> <span class='ocrx_word' id='word_1_159' title='bbox 1094 1991 1294 2072; x_wconf 80' lang='lat' dir='ltr'><strong>procederet.</strong></span> 
     </span>
    </p>

    <p class='ocr_par' dir='ltr' id='par_1_11' title="bbox 211 2091 1412 2277">
     <span class='ocr_line' id='line_1_18' title="bbox 254 2091 1412 2174; baseline -0.006 -16"><span class='ocrx_word' id='word_1_160' title='bbox 254 2097 284 2174; x_wconf 69' lang='grc' dir='ltr'><strong>ξ.</strong></span> <span class='ocrx_word' id='word_1_161' title='bbox 295 2092 368 2158; x_wconf 76' lang='grc'><strong>352.</strong></span> <span class='ocrx_word' id='word_1_162' title='bbox 412 2091 603 2154; x_wconf 85' lang='lat' dir='ltr'><strong>iustinianus</strong></span> <span class='ocrx_word' id='word_1_163' title='bbox 616 2093 764 2173; x_wconf 88' lang='lat' dir='ltr'><strong>denique,</strong></span> <span class='ocrx_word' id='word_1_164' title='bbox 787 2111 857 2156; x_wconf 91' lang='lat' dir='ltr'><strong>cum</strong></span> <span class='ocrx_word' id='word_1_165' title='bbox 877 2093 1063 2155; x_wconf 85' lang='lat' dir='ltr'><strong>sustulisset</strong></span> <span class='ocrx_word' id='word_1_166' title='bbox 1076 2094 1245 2156; x_wconf 84' lang='lat' dir='ltr'><strong>discrimen</strong></span> <span class='ocrx_word' id='word_1_167' title='bbox 1260 2097 1345 2156; x_wconf 91' lang='lat' dir='ltr'><strong>inter</strong></span> <span class='ocrx_word' id='word_1_168' title='bbox 1361 2095 1412 2155; x_wconf 90' lang='lat' dir='ltr'><strong>ius</strong></span> 
     </span>
     <span class='ocr_line' id='line_1_19' title="bbox 211 2193 1412 2277; baseline 0 -21"><span class='ocrx_word' id='word_1_169' title='bbox 211 2194 377 2267; x_wconf 81' lang='lat' dir='ltr'><strong>Quiritium</strong></span> <span class='ocrx_word' id='word_1_170' title='bbox 395 2199 426 2254; x_wconf 91' lang='lat' dir='ltr'><strong>et</strong></span> <span class='ocrx_word' id='word_1_171' title='bbox 445 2193 586 2273; x_wconf 77' lang='lat' dir='ltr'><strong>reliques</strong></span> <span class='ocrx_word' id='word_1_172' title='bbox 598 2194 727 2256; x_wconf 88' lang='lat' dir='ltr'><strong>dominii</strong></span> <span class='ocrx_word' id='word_1_173' title='bbox 751 2193 884 2270; x_wconf 81' lang='lat' dir='ltr'><strong>formes,</strong></span> <span class='ocrx_word' id='word_1_174' title='bbox 906 2196 1001 2256; x_wconf 83' lang='lat' dir='ltr'><strong>etism</strong></span> <span class='ocrx_word' id='word_1_175' title='bbox 1023 2197 1246 2276; x_wconf 83' lang='lat' dir='ltr'><strong>usucapionem</strong></span> <span class='ocrx_word' id='word_1_176' title='bbox 1268 2201 1301 2256; x_wconf 89' lang='lat' dir='ltr'><strong>et</strong></span> <span class='ocrx_word' id='word_1_177' title='bbox 1321 2195 1412 2277; x_wconf 80' lang='lat' dir='ltr'><strong>longi</strong></span> 
     </span>
    </p>
   </div>
   <div class='ocr_carea' id='block_1_11' title="bbox 118 2293 1533 2476">
    <p class='ocr_par' dir='ltr' id='par_1_12' title="bbox 118 2293 1533 2476">
     <span class='ocr_line' id='line_1_20' title="bbox 212 2293 1533 2384; baseline 0.001 -29"><span class='ocrx_word' id='word_1_178' title='bbox 212 2297 363 2376; x_wconf 88' lang='lat' dir='ltr'><strong>temporis</strong></span> <span class='ocrx_word' id='word_1_179' title='bbox 383 2297 651 2374; x_wconf 75' lang='lat' dir='ltr'><strong>prescriptionem</strong></span> <span class='ocrx_word' id='word_1_180' title='bbox 661 2296 801 2370; x_wconf 89' lang='lat' dir='ltr'><strong>mutavit,</strong></span> <span class='ocrx_word' id='word_1_181' title='bbox 824 2293 916 2381; x_wconf 87' lang='lat' dir='ltr'><strong>(Cod.</strong></span> <span class='ocrx_word' id='word_1_182' title='bbox 927 2295 996 2356; x_wconf 91' lang='lat' dir='ltr'><strong>Lib.</strong></span> <span class='ocrx_word' id='word_1_183' title='bbox 1007 2295 1074 2356; x_wconf 88' lang='lat' dir='ltr'><strong>vlt.</strong></span> <span class='ocrx_word' id='word_1_184' title='bbox 1089 2295 1148 2356; x_wconf 85' lang='lat' dir='ltr'><strong>Tit.</strong></span> <span class='ocrx_word' id='word_1_185' title='bbox 1159 2295 1228 2384; x_wconf 86' lang='lat'><strong>31.)</strong></span> <span class='ocrx_word' id='word_1_186' title='bbox 1251 2303 1412 2359; x_wconf 81' lang='lat' dir='ltr'><strong>statuens:</strong></span> <span class='ocrx_word' id='word_1_187' title='bbox 1532 2305 1533 2330; x_wconf 53' lang='grc' dir='ltr'>ι</span> 
     </span>
     <span class='ocr_line' id='line_1_21' title="bbox 118 2395 1413 2476; baseline -0.002 -18"><span class='ocrx_word' id='word_1_188' title='bbox 118 2432 121 2435; x_wconf 82' lang='grc'><strong><em>·</em></strong></span> <span class='ocrx_word' id='word_1_189' title='bbox 211 2403 256 2473; x_wconf 90' lang='lat' dir='ltr'><strong>nt,</strong></span> <span class='ocrx_word' id='word_1_190' title='bbox 278 2397 459 2476; x_wconf 86' lang='lat' dir='ltr'><strong>quicunque</strong></span> <span class='ocrx_word' id='word_1_191' title='bbox 481 2413 545 2456; x_wconf 91' lang='lat' dir='ltr'><strong>rem</strong></span> <span class='ocrx_word' id='word_1_192' title='bbox 568 2395 713 2457; x_wconf 85' lang='lat' dir='ltr'><strong>mobilem</strong></span> <span class='ocrx_word' id='word_1_193' title='bbox 730 2413 789 2476; x_wconf 89' lang='lat' dir='ltr'><strong>per</strong></span> <span class='ocrx_word' id='word_1_194' title='bbox 804 2396 984 2471; x_wconf 76' lang='lat' dir='ltr'><strong>nicanum,</strong></span> <span class='ocrx_word' id='word_1_195' title='bbox 1007 2395 1195 2457; x_wconf 84' lang='lat' dir='ltr'><strong>immobilem</strong></span> <span class='ocrx_word' id='word_1_196' title='bbox 1209 2401 1312 2458; x_wconf 85' lang='lat' dir='ltr'><strong>nutem</strong></span> <span class='ocrx_word' id='word_1_197' title='bbox 1328 2397 1413 2457; x_wconf 90' lang='lat' dir='ltr'><strong>inter</strong></span> 
     </span>
    </p>
   </div>
   <div class='ocr_carea' id='block_1_12' title="bbox 209 2496 1412 3284">
    <p class='ocr_par' dir='ltr' id='par_1_13' title="bbox 209 2496 1411 2778">
     <span class='ocr_line' id='line_1_22' title="bbox 210 2496 1411 2579; baseline -0.002 -19"><span class='ocrx_word' id='word_1_198' title='bbox 210 2502 383 2579; x_wconf 77' lang='lat' dir='ltr'><strong>presentes</strong></span> <span class='ocrx_word' id='word_1_199' title='bbox 406 2515 465 2577; x_wconf 91' lang='lat' dir='ltr'><strong>per</strong></span> <span class='ocrx_word' id='word_1_200' title='bbox 487 2496 606 2573; x_wconf 88' lang='lat' dir='ltr'><strong>decern,</strong></span> <span class='ocrx_word' id='word_1_201' title='bbox 631 2499 714 2560; x_wconf 88' lang='lat' dir='ltr'><strong>iuter</strong></span> <span class='ocrx_word' id='word_1_202' title='bbox 736 2496 885 2558; x_wconf 76' lang='lat' dir='ltr'><strong>absentes</strong></span> <span class='ocrx_word' id='word_1_203' title='bbox 910 2514 969 2576; x_wconf 90' lang='lat' dir='ltr'><strong>per</strong></span> <span class='ocrx_word' id='word_1_204' title='bbox 990 2497 1105 2578; x_wconf 79' lang='lat' dir='ltr'><strong>viginti</strong></span> <span class='ocrx_word' id='word_1_205' title='bbox 1126 2513 1242 2571; x_wconf 88' lang='lat' dir='ltr'><strong>annos,</strong></span> <span class='ocrx_word' id='word_1_206' title='bbox 1266 2513 1308 2558; x_wconf 81' lang='lat' dir='ltr'><strong>ex</strong></span> <span class='ocrx_word' id='word_1_207' title='bbox 1328 2497 1411 2558; x_wconf 87' lang='lat' dir='ltr'><strong>iustu</strong></span> 
     </span>
     <span class='ocr_line' id='line_1_23' title="bbox 211 2596 1411 2678; baseline -0.002 -16"><span class='ocrx_word' id='word_1_208' title='bbox 211 2616 305 2662; x_wconf 81' lang='lat' dir='ltr'><strong>ceusu</strong></span> <span class='ocrx_word' id='word_1_209' title='bbox 327 2604 360 2660; x_wconf 92' lang='lat' dir='ltr'><strong>et</strong></span> <span class='ocrx_word' id='word_1_210' title='bbox 378 2598 473 2674; x_wconf 77' lang='lat' dir='ltr'><strong>bona,</strong></span> <span class='ocrx_word' id='word_1_211' title='bbox 484 2596 545 2660; x_wconf 88' lang='lat' dir='ltr'><strong>lide</strong></span> <span class='ocrx_word' id='word_1_212' title='bbox 558 2601 706 2660; x_wconf 89' lang='lat' dir='ltr'><strong>continue</strong></span> <span class='ocrx_word' id='word_1_213' title='bbox 721 2597 928 2678; x_wconf 82' lang='lat' dir='ltr'><strong>possedisset,</strong></span> <span class='ocrx_word' id='word_1_214' title='bbox 952 2602 1024 2678; x_wconf 92' lang='lat' dir='ltr'><strong>post</strong></span> <span class='ocrx_word' id='word_1_215' title='bbox 1039 2598 1099 2660; x_wconf 89' lang='lat' dir='ltr'><strong>boc</strong></span> <span class='ocrx_word' id='word_1_216' title='bbox 1112 2598 1262 2678; x_wconf 89' lang='lat' dir='ltr'><strong>temporis</strong></span> <span class='ocrx_word' id='word_1_217' title='bbox 1277 2597 1411 2678; x_wconf 78' lang='lat' dir='ltr'><strong>spatium</strong></span> 
     </span>
     <span class='ocr_line' id='line_1_24' title="bbox 209 2700 662 2778; baseline 0.004 -15"><span class='ocrx_word' id='word_1_218' title='bbox 209 2703 258 2763; x_wconf 86' lang='lat' dir='ltr'><strong>rei</strong></span> <span class='ocrx_word' id='word_1_219' title='bbox 281 2700 451 2764; x_wconf 87' lang='lat' dir='ltr'><strong>dominium</strong></span> <span class='ocrx_word' id='word_1_220' title='bbox 471 2703 662 2778; x_wconf 80' lang='lat' dir='ltr'><strong>acquireret.</strong></span> 
     </span>
    </p>

    <p class='ocr_par' dir='ltr' id='par_1_14' title="bbox 212 2799 1412 3284">
     <span class='ocr_line' id='line_1_25' title="bbox 256 2799 1411 2881; baseline 0.003 -21"><span class='ocrx_word' id='word_1_221' title='bbox 256 2799 331 2860; x_wconf 84' lang='lat' dir='ltr'><strong>Cum</strong></span> <span class='ocrx_word' id='word_1_222' title='bbox 354 2817 433 2862; x_wconf 90' lang='lat' dir='ltr'><strong>vero</strong></span> <span class='ocrx_word' id='word_1_223' title='bbox 456 2817 518 2862; x_wconf 88' lang='lat' dir='ltr'><strong>nou</strong></span> <span class='ocrx_word' id='word_1_224' title='bbox 541 2799 880 2875; x_wconf 83' lang='lat' dir='ltr'><strong>inomnibuscesjbus,</strong></span> <span class='ocrx_word' id='word_1_225' title='bbox 903 2800 1015 2880; x_wconf 87' lang='lat' dir='ltr'><strong>veluti,</strong></span> <span class='ocrx_word' id='word_1_226' title='bbox 1035 2800 1090 2862; x_wconf 92' lang='lat' dir='ltr'><strong>ubi</strong></span> <span class='ocrx_word' id='word_1_227' title='bbox 1101 2801 1184 2862; x_wconf 80' lang='lat' dir='ltr'><strong>iusta</strong></span> <span class='ocrx_word' id='word_1_228' title='bbox 1193 2801 1411 2881; x_wconf 87' lang='lat' dir='ltr'><strong>possessionis</strong></span> 
     </span>
     <span class='ocr_line' id='line_1_26' title="bbox 213 2899 1412 2980; baseline 0 -18"><span class='ocrx_word' id='word_1_229' title='bbox 213 2917 307 2962; x_wconf 86' lang='lat' dir='ltr'><strong>cause</strong></span> <span class='ocrx_word' id='word_1_230' title='bbox 328 2900 455 2980; x_wconf 84' lang='lat' dir='ltr'><strong>aberet,</strong></span> <span class='ocrx_word' id='word_1_231' title='bbox 487 2899 540 2960; x_wconf 85' lang='lat' dir='ltr'><strong>vel</strong></span> <span class='ocrx_word' id='word_1_232' title='bbox 562 2901 591 2962; x_wconf 95' lang='lat' dir='ltr'><strong>si</strong></span> <span class='ocrx_word' id='word_1_233' title='bbox 613 2917 667 2961; x_wconf 92' lang='lat' dir='ltr'><strong>res</strong></span> <span class='ocrx_word' id='word_1_234' title='bbox 690 2905 822 2980; x_wconf 80' lang='lat' dir='ltr'><strong>excepta</strong></span> <span class='ocrx_word' id='word_1_235' title='bbox 844 2905 940 2975; x_wconf 89' lang='lat' dir='ltr'><strong>esset,</strong></span> <span class='ocrx_word' id='word_1_236' title='bbox 964 2899 1019 2962; x_wconf 87' lang='lat' dir='ltr'><strong>tuli</strong></span> <span class='ocrx_word' id='word_1_237' title='bbox 1042 2899 1134 2962; x_wconf 84' lang='lat' dir='ltr'><strong>modo</strong></span> <span class='ocrx_word' id='word_1_238' title='bbox 1157 2918 1216 2980; x_wconf 91' lang='lat' dir='ltr'><strong>per</strong></span> <span class='ocrx_word' id='word_1_239' title='bbox 1238 2903 1412 2980; x_wconf 87' lang='lat' dir='ltr'><strong>usucapio-</strong></span> 
     </span>
     <span class='ocr_line' id='line_1_27' title="bbox 212 2999 1412 3082; baseline -0.002 -18"><span class='ocrx_word' id='word_1_240' title='bbox 212 3019 294 3077; x_wconf 87' lang='lat' dir='ltr'><strong>nem,</strong></span> <span class='ocrx_word' id='word_1_241' title='bbox 319 2999 372 3062; x_wconf 85' lang='lat' dir='ltr'><strong>vel</strong></span> <span class='ocrx_word' id='word_1_242' title='bbox 394 3000 484 3082; x_wconf 82' lang='lat' dir='ltr'><strong>longi</strong></span> <span class='ocrx_word' id='word_1_243' title='bbox 500 3002 651 3082; x_wconf 89' lang='lat' dir='ltr'><strong>temporis</strong></span> <span class='ocrx_word' id='word_1_244' title='bbox 671 3001 941 3081; x_wconf 75' lang='lat' dir='ltr'><strong>prescriptionem</strong></span> <span class='ocrx_word' id='word_1_245' title='bbox 956 3001 1126 3080; x_wconf 79' lang='lat' dir='ltr'><strong>acquisitio</strong></span> <span class='ocrx_word' id='word_1_246' title='bbox 1142 2999 1246 3064; x_wconf 90' lang='lat' dir='ltr'><strong>locum</strong></span> <span class='ocrx_word' id='word_1_247' title='bbox 1264 3000 1412 3080; x_wconf 79' lang='lat' dir='ltr'><strong>baberet3</strong></span> 
     </span>
     <span class='ocr_line' id='line_1_28' title="bbox 212 3100 1410 3187; baseline 0 -23"><span class='ocrx_word' id='word_1_248' title='bbox 212 3100 408 3187; x_wconf 78' lang='lat' dir='ltr'><strong>generaliter</strong></span> <span class='ocrx_word' id='word_1_249' title='bbox 428 3103 560 3182; x_wconf 91' lang='lat' dir='ltr'><strong>insuper</strong></span> <span class='ocrx_word' id='word_1_250' title='bbox 581 3101 773 3164; x_wconf 84' lang='lat' dir='ltr'><strong>lustinieuus</strong></span> <span class='ocrx_word' id='word_1_251' title='bbox 795 3103 949 3169; x_wconf 79' lang='lat' dir='ltr'><strong>senciuit:</strong></span> <span class='ocrx_word' id='word_1_252' title='bbox 985 3107 1020 3162; x_wconf 92' lang='lat' dir='ltr'><strong>ut</strong></span> <span class='ocrx_word' id='word_1_253' title='bbox 1044 3102 1091 3177; x_wconf 88' lang='lat' dir='ltr'><strong>ei,</strong></span> <span class='ocrx_word' id='word_1_254' title='bbox 1121 3103 1281 3181; x_wconf 86' lang='lat' dir='ltr'><strong>quirem,</strong></span> <span class='ocrx_word' id='word_1_255' title='bbox 1316 3109 1410 3183; x_wconf 81' lang='lat' dir='ltr'><strong>quam</strong></span> 
     </span>
     <span class='ocr_line' id='line_1_29' title="bbox 212 3203 1411 3284; baseline -0.001 -17"><span class='ocrx_word' id='word_1_256' title='bbox 212 3205 356 3267; x_wconf 87' lang='lat' dir='ltr'><strong>dominus</strong></span> <span class='ocrx_word' id='word_1_257' title='bbox 378 3207 508 3282; x_wconf 88' lang='lat' dir='ltr'><strong>propter</strong></span> <span class='ocrx_word' id='word_1_258' title='bbox 524 3203 653 3284; x_wconf 82' lang='lat' dir='ltr'><strong>triginta</strong></span> <span class='ocrx_word' id='word_1_259' title='bbox 677 3203 729 3265; x_wconf 91' lang='lat' dir='ltr'><strong>vel</strong></span> <span class='ocrx_word' id='word_1_260' title='bbox 747 3203 954 3284; x_wconf 81' lang='lat' dir='ltr'><strong>quadraginta</strong></span> <span class='ocrx_word' id='word_1_261' title='bbox 971 3219 1122 3264; x_wconf 87' lang='lat' dir='ltr'><strong>annorum</strong></span> <span class='ocrx_word' id='word_1_262' title='bbox 1141 3204 1411 3284; x_wconf 75' lang='lat' dir='ltr'><strong>prescriptionem</strong></span> 
     </span>
    </p>
   </div>
   <div class='ocr_carea' id='block_1_13' title="bbox 212 3289 1533 3392">
    <p class='ocr_par' dir='ltr' id='par_1_15' title="bbox 212 3289 1533 3392">
     <span class='ocr_line' id='line_1_30' title="bbox 212 3289 1533 3392; baseline -0.002 -26"><span class='ocrx_word' id='word_1_263' title='bbox 212 3305 375 3368; x_wconf 77' lang='lat' dir='ltr'><strong>vindicare</strong></span> <span class='ocrx_word' id='word_1_264' title='bbox 396 3321 459 3364; x_wconf 90' lang='lat' dir='ltr'><strong>nou</strong></span> <span class='ocrx_word' id='word_1_265' title='bbox 471 3309 591 3382; x_wconf 89' lang='lat' dir='ltr'><strong>posset,</strong></span> <span class='ocrx_word' id='word_1_266' title='bbox 615 3322 673 3384; x_wconf 93' lang='lat' dir='ltr'><strong>per</strong></span> <span class='ocrx_word' id='word_1_267' title='bbox 694 3309 812 3366; x_wconf 80' lang='lat' dir='ltr'><strong>tentum</strong></span> <span class='ocrx_word' id='word_1_268' title='bbox 834 3304 985 3384; x_wconf 89' lang='lat' dir='ltr'><strong>temporis</strong></span> <span class='ocrx_word' id='word_1_269' title='bbox 1007 3303 1141 3382; x_wconf 79' lang='lat' dir='ltr'><strong>spatium</strong></span> <span class='ocrx_word' id='word_1_270' title='bbox 1160 3302 1370 3392; x_wconf 73' lang='lat' dir='ltr'><strong>possedisset,</strong></span> <span class='ocrx_word' id='word_1_271' title='bbox 1383 3303 1412 3364; x_wconf 92' lang='lat' dir='ltr'><strong>si</strong></span> <span class='ocrx_word' id='word_1_272' title='bbox 1532 3289 1533 3332; x_wconf 62' lang='lat'>³</span> 
     </span>
    </p>
   </div>
   <div class='ocr_carea' id='block_1_14' title="bbox 212 3402 1416 3788">
    <p class='ocr_par' dir='ltr' id='par_1_16' title="bbox 212 3402 1416 3788">
     <span class='ocr_line' id='line_1_31' title="bbox 212 3402 1415 3480; baseline -0.002 -12"><span class='ocrx_word' id='word_1_273' title='bbox 212 3406 294 3468; x_wconf 88' lang='lat' dir='ltr'><strong>boun</strong></span> <span class='ocrx_word' id='word_1_274' title='bbox 318 3404 379 3478; x_wconf 81' lang='lat' dir='ltr'><strong>lide</strong></span> <span class='ocrx_word' id='word_1_275' title='bbox 401 3405 490 3464; x_wconf 90' lang='lat' dir='ltr'><strong>initio</strong></span> <span class='ocrx_word' id='word_1_276' title='bbox 515 3403 600 3466; x_wconf 82' lang='lat' dir='ltr'><strong>illum</strong></span> <span class='ocrx_word' id='word_1_277' title='bbox 625 3406 774 3480; x_wconf 85' lang='lat' dir='ltr'><strong>tenuerit,</strong></span> <span class='ocrx_word' id='word_1_278' title='bbox 792 3404 914 3466; x_wconf 80' lang='lat' dir='ltr'><strong>etiamsi</strong></span> <span class='ocrx_word' id='word_1_279' title='bbox 934 3402 1052 3464; x_wconf 85' lang='lat' dir='ltr'><strong>nullum</strong></span> <span class='ocrx_word' id='word_1_280' title='bbox 1069 3404 1181 3466; x_wconf 89' lang='lat' dir='ltr'><strong>iustum</strong></span> <span class='ocrx_word' id='word_1_281' title='bbox 1203 3419 1328 3465; x_wconf 76' lang='lat' dir='ltr'><strong>crusnm</strong></span> <span class='ocrx_word' id='word_1_282' title='bbox 1354 3404 1415 3466; x_wconf 82' lang='lat' dir='ltr'><strong>bu·-</strong></span> 
     </span>
     <span class='ocr_line' id='line_1_32' title="bbox 212 3504 1413 3584; baseline -0.002 -18"><span class='ocrx_word' id='word_1_283' title='bbox 212 3505 345 3580; x_wconf 84' lang='lat' dir='ltr'><strong>buissel,</strong></span> <span class='ocrx_word' id='word_1_284' title='bbox 366 3509 496 3584; x_wconf 91' lang='lat' dir='ltr'><strong>propter</strong></span> <span class='ocrx_word' id='word_1_285' title='bbox 518 3505 600 3566; x_wconf 85' lang='lat' dir='ltr'><strong>bauo</strong></span> <span class='ocrx_word' id='word_1_286' title='bbox 620 3505 855 3584; x_wconf 88' lang='lat' dir='ltr'><strong>possessionem</strong></span> <span class='ocrx_word' id='word_1_287' title='bbox 876 3505 1096 3581; x_wconf 74' lang='lat' dir='ltr'><strong>continentem,</strong></span> <span class='ocrx_word' id='word_1_288' title='bbox 1118 3506 1167 3566; x_wconf 91' lang='lat' dir='ltr'><strong>rei</strong></span> <span class='ocrx_word' id='word_1_289' title='bbox 1187 3504 1358 3568; x_wconf 84' lang='lat' dir='ltr'><strong>dominium</strong></span> <span class='ocrx_word' id='word_1_290' title='bbox 1381 3509 1413 3566; x_wconf 91' lang='lat' dir='ltr'><strong>et</strong></span> 
     </span>
     <span class='ocr_line' id='line_1_33' title="bbox 213 3603 1413 3686; baseline 0.003 -22"><span class='ocrx_word' id='word_1_291' title='bbox 213 3604 386 3666; x_wconf 79' lang='lat' dir='ltr'><strong>vindicatio</strong></span> <span class='ocrx_word' id='word_1_292' title='bbox 409 3610 613 3684; x_wconf 89' lang='lat' dir='ltr'><strong>competeret.</strong></span> <span class='ocrx_word' id='word_1_293' title='bbox 657 3603 736 3666; x_wconf 92' lang='lat' dir='ltr'><strong>Hinc</strong></span> <span class='ocrx_word' id='word_1_294' title='bbox 759 3603 956 3681; x_wconf 81' lang='lat' dir='ltr'><strong>factumest,</strong></span> <span class='ocrx_word' id='word_1_295' title='bbox 981 3609 1016 3665; x_wconf 94' lang='lat' dir='ltr'><strong>ut</strong></span> <span class='ocrx_word' id='word_1_296' title='bbox 1030 3605 1124 3668; x_wconf 87' lang='lat' dir='ltr'><strong>hodie</strong></span> <span class='ocrx_word' id='word_1_297' title='bbox 1139 3605 1180 3667; x_wconf 90' lang='lat' dir='ltr'><strong>de</strong></span> <span class='ocrx_word' id='word_1_298' title='bbox 1195 3607 1413 3686; x_wconf 72' lang='lat' dir='ltr'><strong>prescriptio-</strong></span> 
     </span>
     <span class='ocr_line' id='line_1_34' title="bbox 212 3705 1416 3788; baseline 0.004 -23"><span class='ocrx_word' id='word_1_299' title='bbox 212 3705 303 3766; x_wconf 82' lang='lat' dir='ltr'><strong>nibus</strong></span> <span class='ocrx_word' id='word_1_300' title='bbox 325 3705 519 3784; x_wconf 76' lang='lat' dir='ltr'><strong>acquisitinc&#39;s</strong></span> <span class='ocrx_word' id='word_1_301' title='bbox 540 3705 716 3784; x_wconf 81' lang='lat' dir='ltr'><strong>loquemur,</strong></span> <span class='ocrx_word' id='word_1_302' title='bbox 739 3705 971 3788; x_wconf 86' lang='lat' dir='ltr'><strong>distinguentes</strong></span> <span class='ocrx_word' id='word_1_303' title='bbox 994 3706 1185 3768; x_wconf 81' lang='lat' dir='ltr'><strong>ordinarium</strong></span> <span class='ocrx_word' id='word_1_304' title='bbox 1205 3709 1227 3768; x_wconf 91' lang='lat' dir='ltr'><strong>i.</strong></span> <span class='ocrx_word' id='word_1_305' title='bbox 1245 3727 1273 3770; x_wconf 90' lang='lat' dir='ltr'><strong>e.</strong></span> <span class='ocrx_word' id='word_1_306' title='bbox 1296 3724 1416 3770; x_wconf 63' lang='lat' dir='ltr'><strong>euce-</strong></span> 
     </span>
    </p>
   </div>
   <div class='ocr_carea' id='block_1_15' title="bbox 212 3807 1533 3887">
    <p class='ocr_par' dir='ltr' id='par_1_17' title="bbox 212 3807 1533 3887">
     <span class='ocr_line' id='line_1_35' title="bbox 212 3807 1533 3887; baseline 0.008 -20"><span class='ocrx_word' id='word_1_307' title='bbox 212 3808 334 3887; x_wconf 84' lang='lat' dir='ltr'><strong>pr‘onem</strong></span> <span class='ocrx_word' id='word_1_308' title='bbox 354 3812 386 3868; x_wconf 89' lang='lat' dir='ltr'><strong>ct</strong></span> <span class='ocrx_word' id='word_1_309' title='bbox 406 3807 487 3885; x_wconf 80' lang='lat' dir='ltr'><strong>lorrpr‘</strong></span> <span class='ocrx_word' id='word_1_310' title='bbox 507 3807 653 3886; x_wconf 81' lang='lat' dir='ltr'><strong>temporis</strong></span> <span class='ocrx_word' id='word_1_311' title='bbox 677 3807 963 3886; x_wconf 74' lang='lat' dir='ltr'><strong>prescriptionem,</strong></span> <span class='ocrx_word' id='word_1_312' title='bbox 995 3815 1027 3870; x_wconf 88' lang='lat' dir='ltr'><strong>et</strong></span> <span class='ocrx_word' id='word_1_313' title='bbox 1048 3809 1334 3872; x_wconf 73' lang='lat' dir='ltr'><strong>ecrraorutrrrtcm</strong></span> <span class='ocrx_word' id='word_1_314' title='bbox 1354 3829 1414 3874; x_wconf 89' lang='lat' dir='ltr'><strong>seu</strong></span> <span class='ocrx_word' id='word_1_315' title='bbox 1532 3873 1533 3878; x_wconf 74' lang='grc'>,</span> 
     </span>
    </p>
   </div>
   <div class='ocr_carea' id='block_1_16' title="bbox 210 3907 837 4000">
    <p class='ocr_par' dir='ltr' id='par_1_18' title="bbox 210 3907 837 4000">
     <span class='ocr_line' id='line_1_36' title="bbox 210 3907 837 4000; baseline 0.002 -31"><span class='ocrx_word' id='word_1_316' title='bbox 210 3907 476 3988; x_wconf 79' lang='lat' dir='ltr'><strong>prescriptionem</strong></span> <span class='ocrx_word' id='word_1_317' title='bbox 498 3907 661 4000; x_wconf 64' lang='lat' dir='ltr'><strong>longissimi</strong></span> <span class='ocrx_word' id='word_1_318' title='bbox 685 3909 837 3988; x_wconf 77' lang='lat' dir='ltr'><strong>temporis.</strong></span> 
     </span>
    </p>
   </div>
   <div class='ocr_carea' id='block_1_17' title="bbox 212 4102 1533 4601">
    <p class='ocr_par' dir='ltr' id='par_1_19' title="bbox 212 4102 1412 4244">
     <span class='ocr_line' id='line_1_37' title="bbox 247 4102 1412 4174; baseline 0.001 -14"><span class='ocrx_word' id='word_1_319' title='bbox 247 4105 275 4172; x_wconf 89' lang='lat' dir='ltr'><strong>l)</strong></span> <span class='ocrx_word' id='word_1_320' title='bbox 296 4102 387 4158; x_wconf 72' lang='lat' dir='ltr'><strong>Cicero</strong></span> <span class='ocrx_word' id='word_1_321' title='bbox 407 4123 455 4172; x_wconf 91' lang='lat' dir='ltr'><strong>pro</strong></span> <span class='ocrx_word' id='word_1_322' title='bbox 473 4107 576 4158; x_wconf 82' lang='lat' dir='ltr'><strong>Gecina</strong></span> <span class='ocrx_word' id='word_1_323' title='bbox 594 4125 618 4160; x_wconf 83' lang='lat' dir='ltr'><strong>o.</strong></span> <span class='ocrx_word' id='word_1_324' title='bbox 637 4107 680 4160; x_wconf 82' lang='lat'><strong>19.</strong></span> <span class='ocrx_word' id='word_1_325' title='bbox 707 4108 800 4173; x_wconf 82' lang='lat' dir='ltr'><strong>Topic.</strong></span> <span class='ocrx_word' id='word_1_326' title='bbox 819 4123 841 4158; x_wconf 88' lang='lat' dir='ltr'><strong>c.</strong></span> <span class='ocrx_word' id='word_1_327' title='bbox 859 4105 885 4158; x_wconf 86' lang='lat'><strong>4.</strong></span> <span class='ocrx_word' id='word_1_328' title='bbox 916 4107 977 4174; x_wconf 90' lang='lat' dir='ltr'><strong>Ulp.</strong></span> <span class='ocrx_word' id='word_1_329' title='bbox 996 4109 1068 4161; x_wconf 84' lang='lat' dir='ltr'><strong>XIX.</strong></span> <span class='ocrx_word' id='word_1_330' title='bbox 1088 4108 1111 4168; x_wconf 69' lang='grc' dir='ltr'><strong>ἓ.</strong></span> <span class='ocrx_word' id='word_1_331' title='bbox 1132 4109 1157 4162; x_wconf 87' lang='grc'><strong>8.</strong></span> <span class='ocrx_word' id='word_1_332' title='bbox 1196 4112 1256 4164; x_wconf 78' lang='lat' dir='ltr'><strong>Gai.</strong></span> <span class='ocrx_word' id='word_1_333' title='bbox 1276 4111 1303 4164; x_wconf 75' lang='lat'><strong>2.</strong></span> <span class='ocrx_word' id='word_1_334' title='bbox 1320 4111 1344 4171; x_wconf 65' lang='grc' dir='ltr'><strong>ἐ.</strong></span> <span class='ocrx_word' id='word_1_335' title='bbox 1366 4108 1412 4164; x_wconf 79' lang='lat'><strong>42.</strong></span> 
     </span>
     <span class='ocr_line' id='line_1_38' title="bbox 212 4176 500 4244; baseline -0.003 -14"><span class='ocrx_word' id='word_1_336' title='bbox 212 4179 282 4230; x_wconf 83' lang='lat' dir='ltr'><strong>Vide</strong></span> <span class='ocrx_word' id='word_1_337' title='bbox 299 4193 380 4244; x_wconf 89' lang='lat' dir='ltr'><strong>supru</strong></span> <span class='ocrx_word' id='word_1_338' title='bbox 398 4177 422 4236; x_wconf 60' lang='grc' dir='ltr'><strong>ὅ.</strong></span> <span class='ocrx_word' id='word_1_339' title='bbox 439 4176 500 4229; x_wconf 87' lang='grc'><strong>314.</strong></span> 
     </span>
    </p>

    <p class='ocr_par' dir='ltr' id='par_1_20' title="bbox 247 4247 1359 4318">
     <span class='ocr_line' id='line_1_39' title="bbox 247 4247 1359 4318; baseline 0.002 -16"><span class='ocrx_word' id='word_1_340' title='bbox 247 4247 276 4314; x_wconf 83' lang='grc'><strong>2)</strong></span> <span class='ocrx_word' id='word_1_341' title='bbox 297 4250 355 4301; x_wconf 77' lang='lat' dir='ltr'><strong>Gai.</strong></span> <span class='ocrx_word' id='word_1_342' title='bbox 375 4249 399 4300; x_wconf 81' lang='lat'><strong>2.</strong></span> <span class='ocrx_word' id='word_1_343' title='bbox 419 4247 442 4306; x_wconf 69' lang='grc' dir='ltr'><strong>ἓ.</strong></span> <span class='ocrx_word' id='word_1_344' title='bbox 460 4247 504 4300; x_wconf 83' lang='grc'><strong>43.</strong></span> <span class='ocrx_word' id='word_1_345' title='bbox 522 4247 566 4300; x_wconf 82' lang='grc'><strong>44.</strong></span> <span class='ocrx_word' id='word_1_346' title='bbox 637 4247 666 4314; x_wconf 90' lang='grc'><strong>3)</strong></span> <span class='ocrx_word' id='word_1_347' title='bbox 685 4249 727 4299; x_wconf 87' lang='lat' dir='ltr'><strong>Fr.</strong></span> <span class='ocrx_word' id='word_1_348' title='bbox 747 4248 772 4300; x_wconf 89' lang='grc'><strong>9.</strong></span> <span class='ocrx_word' id='word_1_349' title='bbox 790 4251 823 4301; x_wconf 89' lang='lat' dir='ltr'><strong>D.</strong></span> <span class='ocrx_word' id='word_1_350' title='bbox 842 4247 886 4312; x_wconf 83' lang='grc'><strong>44,</strong></span> <span class='ocrx_word' id='word_1_351' title='bbox 903 4249 921 4301; x_wconf 87' lang='lat'><strong>3</strong></span> <span class='ocrx_word' id='word_1_352' title='bbox 939 4248 986 4317; x_wconf 86' lang='lat' dir='ltr'><strong>(de</strong></span> <span class='ocrx_word' id='word_1_353' title='bbox 1003 4251 1114 4302; x_wconf 85' lang='lat' dir='ltr'><strong>diversis</strong></span> <span class='ocrx_word' id='word_1_354' title='bbox 1132 4256 1212 4318; x_wconf 89' lang='lat' dir='ltr'><strong>temp.</strong></span> <span class='ocrx_word' id='word_1_355' title='bbox 1231 4252 1359 4318; x_wconf 67' lang='lat' dir='ltr'><strong>preesse).</strong></span> 
     </span>
    </p>

    <p class='ocr_par' dir='ltr' id='par_1_21' title="bbox 212 4318 1533 4601">
     <span class='ocr_line' id='line_1_40' title="bbox 246 4318 1533 4385; baseline 0.004 -13"><span class='ocrx_word' id='word_1_356' title='bbox 246 4320 275 4385; x_wconf 87' lang='lat'><strong>4)</strong></span> <span class='ocrx_word' id='word_1_357' title='bbox 294 4321 337 4371; x_wconf 82' lang='lat' dir='ltr'><strong>Fr.</strong></span> <span class='ocrx_word' id='word_1_358' title='bbox 356 4318 400 4372; x_wconf 86' lang='lat'><strong>76.</strong></span> <span class='ocrx_word' id='word_1_359' title='bbox 418 4319 480 4378; x_wconf 68' lang='lat' dir='ltr'><strong>§.L</strong></span> <span class='ocrx_word' id='word_1_360' title='bbox 500 4323 532 4371; x_wconf 91' lang='lat' dir='ltr'><strong>D.</strong></span> <span class='ocrx_word' id='word_1_361' title='bbox 552 4319 694 4384; x_wconf 88' lang='lat' dir='ltr'><strong>18‚1(de</strong></span> <span class='ocrx_word' id='word_1_362' title='bbox 715 4323 835 4371; x_wconf 80' lang='lat' dir='ltr'><strong>contch</strong></span> <span class='ocrx_word' id='word_1_363' title='bbox 855 4324 937 4385; x_wconf 77' lang='lat' dir='ltr'><strong>erut).</strong></span> <span class='ocrx_word' id='word_1_364' title='bbox 957 4321 981 4380; x_wconf 63' lang='grc' dir='ltr'><strong>ἃ.</strong></span> <span class='ocrx_word' id='word_1_365' title='bbox 999 4322 1023 4372; x_wconf 84' lang='grc'><strong>7</strong></span> <span class='ocrx_word' id='word_1_366' title='bbox 1044 4323 1064 4374; x_wconf 93' lang='grc' dir='ltr'><strong>Ι.</strong></span> <span class='ocrx_word' id='word_1_367' title='bbox 1082 4324 1108 4373; x_wconf 91' lang='lat' dir='ltr'><strong>b.</strong></span> <span class='ocrx_word' id='word_1_368' title='bbox 1126 4329 1146 4373; x_wconf 79' lang='grc' dir='ltr'>ι</span> <span class='ocrx_word' id='word_1_369' title='bbox 1176 4323 1326 4374; x_wconf 84' lang='lat' dir='ltr'><strong>Puulirec.</strong></span> <span class='ocrx_word' id='word_1_370' title='bbox 1347 4332 1414 4377; x_wconf 87' lang='lat' dir='ltr'><strong>sent.</strong></span> <span class='ocrx_word' id='word_1_371' title='bbox 1532 4363 1533 4376; x_wconf 71' lang='lat'><strong>.</strong></span> 
     </span>
     <span class='ocr_line' id='line_1_41' title="bbox 213 4389 1533 4458; baseline 0.005 -16"><span class='ocrx_word' id='word_1_372' title='bbox 213 4393 246 4443; x_wconf 89' lang='lat' dir='ltr'><strong>V.</strong></span> <span class='ocrx_word' id='word_1_373' title='bbox 264 4392 288 4444; x_wconf 79' lang='lat'><strong>2.</strong></span> <span class='ocrx_word' id='word_1_374' title='bbox 307 4390 330 4450; x_wconf 71' lang='lat'><strong>§-</strong></span> <span class='ocrx_word' id='word_1_375' title='bbox 349 4390 399 4442; x_wconf 86' lang='lat'><strong>3-</strong></span> <span class='ocrx_word' id='word_1_376' title='bbox 403 4389 428 4442; x_wconf 80' lang='lat'><strong>5.</strong></span> <span class='ocrx_word' id='word_1_377' title='bbox 464 4392 650 4442; x_wconf 84' lang='lat' dir='ltr'><strong>Vetustissime</strong></span> <span class='ocrx_word' id='word_1_378' title='bbox 675 4392 773 4443; x_wconf 85' lang='lat' dir='ltr'><strong>montio</strong></span> <span class='ocrx_word' id='word_1_379' title='bbox 802 4391 1004 4458; x_wconf 81' lang='lat' dir='ltr'><strong>prescriptionis</strong></span> <span class='ocrx_word' id='word_1_380' title='bbox 1031 4393 1123 4444; x_wconf 89' lang='lat' dir='ltr'><strong>decem</strong></span> <span class='ocrx_word' id='word_1_381' title='bbox 1142 4396 1272 4444; x_wconf 79' lang='lat' dir='ltr'><strong>suanorum</strong></span> <span class='ocrx_word' id='word_1_382' title='bbox 1292 4399 1396 4447; x_wconf 81' lang='lat' dir='ltr'><strong>extet</strong></span> <span class='ocrx_word' id='word_1_383' title='bbox 1388 4415 1416 4448; x_wconf 88' lang='lat' dir='ltr'><strong>m</strong></span> <span class='ocrx_word' id='word_1_384' title='bbox 1532 4391 1533 4430; x_wconf 41' lang='grc' dir='ltr'><strong>ἶ</strong></span> 
     </span>
     <span class='ocr_line' id='line_1_42' title="bbox 213 4459 1413 4530; baseline 0.005 -16"><span class='ocrx_word' id='word_1_385' title='bbox 213 4465 351 4514; x_wconf 76' lang='lat' dir='ltr'><strong>Vaticanis</strong></span> <span class='ocrx_word' id='word_1_386' title='bbox 368 4464 522 4528; x_wconf 80' lang='lat' dir='ltr'><strong>fragmentis</strong></span> <span class='ocrx_word' id='word_1_387' title='bbox 542 4459 600 4520; x_wconf 65' lang='lat' dir='ltr'><strong>§.Z</strong></span> <span class='ocrx_word' id='word_1_388' title='bbox 637 4462 705 4512; x_wconf 83' lang='lat' dir='ltr'><strong>Eam</strong></span> <span class='ocrx_word' id='word_1_389' title='bbox 726 4462 865 4514; x_wconf 73' lang='lat' dir='ltr'><strong>Graeceio</strong></span> <span class='ocrx_word' id='word_1_390' title='bbox 856 4479 901 4528; x_wconf 74' lang='lat' dir='ltr'><strong>ig</strong></span> <span class='ocrx_word' id='word_1_391' title='bbox 904 4481 943 4514; x_wconf 85' lang='lat' dir='ltr'><strong>ms</strong></span> <span class='ocrx_word' id='word_1_392' title='bbox 962 4465 1046 4515; x_wconf 83' lang='lat' dir='ltr'><strong>hebet</strong></span> <span class='ocrx_word' id='word_1_393' title='bbox 1062 4463 1272 4528; x_wconf 75' lang='lat' dir='ltr'><strong>Ueterbolcner‚</strong></span> <span class='ocrx_word' id='word_1_394' title='bbox 1299 4463 1413 4530; x_wconf 81' lang='lat' dir='ltr'><strong>Vsrjr&#39;tb</strong></span> 
     </span>
     <span class='ocr_line' id='line_1_43' title="bbox 212 4514 1077 4601; baseline 0 -13"><span class='ocrx_word' id='word_1_395' title='bbox 212 4540 319 4601; x_wconf 66' lang='lat' dir='ltr'><strong>runci.</strong></span> <span class='ocrx_word' id='word_1_396' title='bbox 338 4533 363 4585; x_wconf 96' lang='grc'><strong>1.</strong></span> <span class='ocrx_word' id='word_1_397' title='bbox 379 4551 405 4600; x_wconf 93' lang='lat' dir='ltr'><strong>p.</strong></span> <span class='ocrx_word' id='word_1_398' title='bbox 422 4531 467 4586; x_wconf 81' lang='lat'><strong>45.</strong></span> <span class='ocrx_word' id='word_1_399' title='bbox 486 4535 521 4584; x_wconf 93' lang='lat' dir='ltr'><strong>ob</strong></span> <span class='ocrx_word' id='word_1_400' title='bbox 539 4514 628 4584; x_wconf 74' lang='lat' dir='ltr'><strong>lo&#39;cum</strong></span> <span class='ocrx_word' id='word_1_401' title='bbox 649 4534 798 4585; x_wconf 75' lang='lat' dir='ltr'><strong>Isocratis&#39;</strong></span> <span class='ocrx_word' id='word_1_402' title='bbox 791 4549 819 4586; x_wconf 86' lang='lat' dir='ltr'><strong>ru</strong></span> <span class='ocrx_word' id='word_1_403' title='bbox 839 4535 993 4587; x_wconf 74' lang='lat' dir='ltr'><strong>Arubidsm.</strong></span> <span class='ocrx_word' id='word_1_404' title='bbox 1012 4552 1034 4587; x_wconf 88' lang='lat' dir='ltr'><strong>c.</strong></span> <span class='ocrx_word' id='word_1_405' title='bbox 1052 4537 1077 4588; x_wconf 87' lang='grc'>9</span> 
     </span>
    </p>
   </div>
   <div class='ocr_carea' id='block_1_18' title="bbox 0 0 1561 4966">
    <p class='ocr_par' dir='ltr' id='par_1_22' title="bbox 0 0 1561 4966">
     <span class='ocr_line' id='line_1_44' title="bbox 0 0 1561 4966; baseline 0 0"><span class='ocrx_word' id='word_1_406' title='bbox 0 0 1561 4966; x_wconf 95' lang='lat' dir='ltr'><strong> </strong></span> 
     </span>
    </p>
   </div>
  </div>
 </body>
</html>
