3098 4966
561 307 641 346 umu
661 305 693 346 n,
712 305 780 346 raas
794 306 819 357 r.
841 306 899 346 cnr.
921 305 949 344 v.
1306 297 1358 352 131

156 437 209 496 est
238 435 287 514 ei,
317 436 380 502 uiri
408 434 534 516 omnio
563 437 679 519 pignus
709 456 726 500 a
755 437 940 519 magistratu
966 434 1094 517 publice
1123 436 1309 510 distrahitur
1321 440 1360 524 1).

155 534 289 598 Publica
310 535 597 618 tamcndistraotio
617 543 774 618 precepta
796 553 860 602 noa
883 541 950 614 est,
982 537 1044 599 nisi
1067 539 1098 600 in
1119 537 1307 621 pignoribus
1328 540 1361 602 in

156 653 253 698 causa
277 636 407 700 iudicati
429 638 528 718 captis
541 636 581 723 ²).

199 739 232 820 ξ.
243 733 318 800 461.
362 733 512 800 Distraeti
534 737 595 802 rite
618 737 762 820 pignoris
788 735 956 799 dominium
979 731 1090 800 emtori
1114 739 1362 822 acquiritureo-

158 833 230 900 dem
253 837 335 916 iure,
360 855 422 920 quo
445 835 527 919 apud
551 839 726 902 debitorem
749 835 819 914 luit,
845 837 898 918 qui
922 843 954 900 et
971 839 1041 918 ipse
1058 855 1115 920 pro
1131 840 1179 900 rei
1202 841 1361 903 evictione

154 941 305 1014 tenetur,
336 957 396 1000 nec
419 925 511 1002 luere
535 958 603 1002 eam
627 939 730 1020 pretio
752 935 856 1000 oblato
880 943 985 1020 potest
997 939 1038 1024 ⁸).
1082 935 1173 1011 Quod
1198 939 1226 1003 si
1247 935 1320 1022 plus
1342 961 1361 1004 e

154 1037 261 1118 pretio
275 1057 334 1119 pro
355 1055 390 1101 re
412 1037 562 1102 distracta
588 1043 779 1102 consecutus
794 1039 835 1102 sit
853 1026 1005 1118 creditor,
1027 1056 1118 1119 quarn
1134 1041 1163 1102 ei
1177 1039 1361 1119 debebatur,

153 1140 351 1224 superfluum
374 1140 459 1220 quod
485 1140 623 1202 debitum
646 1139 789 1216 excedit,
819 1137 954 1202 debitori
979 1141 1149 1204 restituere
1174 1146 1319 1217 tanetum
1342 1162 1360 1204 a

153 1258 219 1322 quo
242 1247 357 1317 tamen,
380 1241 408 1302 si
431 1243 533 1306 minus
549 1239 718 1323 receperit,
741 1237 771 1302 id
788 1243 873 1320 quod
887 1239 987 1317 abest,
1009 1241 1040 1301 in
1053 1259 1219 1322 personam
1236 1243 1359 1307 actione

151 1339 307 1426 persequi
328 1345 434 1424 potest
445 1342 486 1426 4).

197 1438 313 1526 §.462
358 1443 390 1506 Si
410 1439 550 1505 creditor
573 1441 609 1503 in
627 1439 761 1524 pignore
783 1437 949 1504 alienando
971 1439 1089 1503 iniuste
1111 1445 1179 1502 erat
1201 1433 1359 1520 versatus,

156 1539 321 1608 distractio
345 1541 466 1606 inutilis
497 1548 565 1619 est,
598 1560 717 1624 resque
747 1563 763 1605 a
794 1558 982 1626 possessore
1012 1541 1139 1606 avocari
1163 1539 1298 1622 poterit,
1331 1539 1359 1603 si

153 1641 282 1724 quidem
309 1641 379 1704 sine
408 1643 478 1704 iure
506 1643 623 1726 pignus
646 1641 833 1706 vendiderat
855 1637 1010 1718 creditor;
1041 1639 1155 1722 quodsi
1177 1642 1258 1702 enim
1288 1639 1358 1702 iure

153 1739 359 1824 distraxerat,
381 1761 440 1806 nec
463 1750 564 1806 tamen
586 1741 667 1806 bona
689 1741 762 1820 lide,
786 1759 839 1807 rcs
860 1744 963 1825 repeti
985 1761 1002 1803 e
1024 1737 1137 1824 regula
1159 1759 1221 1803 non
1242 1743 1357 1824 potest,

153 1843 213 1906 sed
237 1843 278 1905 de
304 1844 416 1907 damno
436 1843 641 1909 resarciendo
664 1844 804 1908 creditor
825 1843 959 1908 debitori
970 1821 1108 1904 ‘tenebir
1119 1839 1159 1925 ²).

197 1945 228 2026 ξ.
242 1943 316 2008 463.
361 1941 491 2018 Quoties
515 1945 672 2022 creditor,
707 1946 823 2030 pignus
855 1943 1080 2018 distracturus,
1115 1947 1266 2006 emtorem
1294 1959 1358 2004 non

151 2045 296 2120 invenit,
326 2047 375 2108 rei
406 2045 574 2110 dominium
606 2065 645 2110 ex
666 2045 817 2136 principis
847 2046 1003 2125 rescripto
1034 2033 1152 2124 poteflt
1179 2043 1358 2122 impetrare,

155 2144 309 2228 legitimis
338 2144 582 2211 solennitatibus
606 2147 794 2209 observatis.
836 2141 926 2208 Nova
958 2146 1039 2210 enim
1068 2143 1203 2206 debitori
1232 2141 1357 2206 denun-

155 2245 250 2308 ciatio
273 2245 440 2309 solutionis
464 2247 565 2330 gratia
589 2247 657 2310 lieri
680 2247 785 2322 debet,
810 2249 841 2308 el
862 2247 956 2310 liuius
979 2241 1130 2308 iaciendae
1152 2247 1273 2326 tempus
1298 2242 1358 2304 de-

156 2347 297 2428 signari,
327 2363 391 2427 qno
417 2347 543 2429 elapso,
565 2349 593 2411 si
615 2353 723 2412 secuta
746 2365 808 2410 non
832 2345 883 2422 sit,
907 2343 1047 2408 creditor
1065 2342 1207 2410 libellum
1229 2341 1357 2406 dominii

154 2432 353 2528 impetrandi*
367 2465 462 2512 causa
483 2449 620 2530 principi
643 2451 748 2530 potest
767 2449 953 2530 porrigere,
987 2451 1019 2510 el
1045 2463 1084 2507 ex
1107 2443 1176 2506 eius
1198 2443 1356 2526 rescripto

154 2567 223 2612 rem
245 2549 306 2623 sibi
326 2549 454 2614 babere.
500 2549 584 2615 intra
613 2551 773 2612 biennium
803 2555 907 2612 tamen
935 2565 973 2610 eo
1001 2545 1187 2628 impetrato,
1221 2539 1356 2608 debitori

153 2668 221 2712 rem
245 2649 467 2732 recuperandi,
492 2650 597 2714 oblato
620 2649 738 2726 debito,
761 2647 892 2712 incultas
919 2646 1055 2727 adestr).

198 2751 315 2834 §.loe
358 2749 517 2814 Prohibita
548 2756 651 2813 autem
683 2751 729 2812 in'
747 2747 934 2833 pignoribus
967 2752 1016 2809 esi
1046 2744 1100 2808 lex
1130 2743 1355 2822 commissoris,

154 2855 186 2915 lr.
211 2873 240 2916 e.
266 2872 302 2916 ea
324 2855 408 2914 inter
431 2852 621 2928 creditorem
644 2857 676 2913 et
699 2851 873 2916 debitorem
898 2849 1084 2924 conventio,
1116 2863 1176 2930 qua
1197 2843 1355 2920 statuitur,

152 2957 190 3032 ut
211 2951 318 3026 debito
342 2951 422 3013 intra
446 2950 604 3016 delinitum
627 2955 749 3034 tempus
771 2968 834 3013 non
856 2949 972 3028 soluto,
1000 2965 1053 3012 res
1076 2945 1213 3030 obligata
1237 2961 1356 3026 proco

154 3049 306 3125 creditori
329 3052 484 3134 acquisita
508 3053 549 3114 sit
564 3051 602 3139 7).

132 3147 139 3156 ’
197 3153 227 3236 ᾖ.
239 3149 311 3218 465.
357 3149 503 3214 Ceterum
527 3151 675 3230 creditor,
701 3153 754 3234 qui
778 3153 893 3236 pignus
908 3145 1061 3236 possidet,
1086 3147 1176 3210 etiarn
1194 3150 1234 3216 ob
1249 3148 1354 3211 ciirc-

151 3249 357 3332 9ropboriom
379 3255 559 3334 pecuniam,
591 3253 628 3320 ab
657 3253 768 3317 eodem
793 3251 936 3316 debitore
967 3251 996 3315 ei
1026 3243 1181 3328 debitam,
1213 3249 1352 3314 retinere

151 3353 271 3440 pignus
292 3359 417 3440 potest,
450 3353 554 3417 soluto
578 3357 670 3418 etiam
690 3353 917 3436 hypothecario
938 3349 1058 3428 debito,
1089 3349 1185 3432 idque
1208 3368 1248 3413 ex
1268 3349 1354 3412 Gor-

156 3449 242 3516 diani
262 3449 469 3534 Imperatoris
492 3453 765 3543 constitutionel).

153 3611 597 3683 'Ustfflffistdffiffl

188 3685 216 3752 2)
236 3686 266 3739 0.
284 3687 310 3740 2.
331 3687 360 3741 G.
379 3687 405 3752 8,
422 3680 457 3740 23
477 3689 511 3756 (si
529 3691 557 3742 ln
575 3705 659 3742 causa
675 3688 787 3740 iudicati
805 3688 899 3756 pignus
917 3694 1025 3755 captum
1043 3684 1097 3753 sit).

186 3756 216 3824 3)
235 3757 277 3808 Fr.
296 3755 340 3811 46.
359 3761 393 3812 D.
409 3758 455 3823 41,
473 3761 490 3812 2
509 3759 556 3826 (da
574 3761 676 3829 acquir.
692 3776 742 3813 rer.
761 3758 898 3826 dominio).
941 3760 1054 3812 Videtur
1080 3757 1151 3810 onim
1172 3754 1287 3808 creditor
1303 3770 1350 3807 ro-

151 3831 257 3882 lunum
276 3829 403 3886 debitoris
419 3832 516 3898 pignus
532 3832 659 3886 alienare.
678 3831 703 3892 §.
724 3830 749 3896 i,
766 3833 788 3884 L
805 3830 831 3895 2,
849 3830 875 3884 8.
895 3831 938 3884 cit.

185 3898 216 3966 4)
234 3901 277 3952 Fr.
296 3902 322 3955 9.
341 3901 365 3963 §-
386 3899 411 3956 1.
427 3905 462 3956 D.
480 3902 525 3968 20,
542 3903 559 3956 6
576 3902 686 3972 (quibus
703 3904 776 3957 mod.
800 3905 853 3971 pig.
872 3920 897 3954 v.
916 3904 980 3971 hyp.
998 3897 1088 3965 solu).
1106 3901 1139 3954 fr.
1156 3897 1199 3952 38.
1217 3900 1251 3950 D.
1271 3895 1314 3962 13,
1334 3895 1349 3948 1

151 3969 202 4039 (de
219 3971 277 4022 reb.
295 3972 389 4037 cred).
408 3990 431 4025 o.
449 3972 474 4026 3.
495 3975 524 4028 G.
542 3974 570 4038 8,
588 3973 631 4028 28.
651 3975 693 4026 cit.

188 4041 217 4109 b)
237 4041 266 4094 0.
288 4043 367 4097 1-5.
394 4045 423 4097 0.
440 4042 473 4110 8,
491 4043 528 4099 30
543 4045 578 4114 (si
597 4045 676 4100 rond.
695 4045 750 4114 pig.
770 4041 887 4110 natur).
914 4059 937 4096 o.
955 4039 982 4098 4.
1001 4038 1025 4096 5.
1044 4037 1113 4097 7.8.
1137 4039 1222 4106 (1.8,
1248 4038 1283 4092 38
1303 4037 1351 4105 (ds
1450 4114 1454 4124 Ι

151 4112 272 4168 distrui.
289 4115 382 4183 pigo).

187 4183 216 4250 6)
240 4185 270 4236 G.
289 4185 315 4240 3.
335 4189 365 4242 0.
382 4184 410 4252 8,
428 4183 465 4242 34
482 4185 529 4254 (dc
547 4189 604 4242 iure
624 4186 734 4240 dominii
745 4181 936 4252 impetrando).

188 4253 217 4322 7)
238 4255 268 4308 0·
286 4257 313 4314 3.
331 4259 361 4312 O.
379 4258 406 4324 Β,
423 4257 460 4314 35
479 4257 526 4326 (da
543 4266 615 4328 psci.
633 4257 727 4328 pign.).
764 4256 980 4310 Oommlsaorlam
1007 4256 1096 4322 legem
1121 4269 1176 4306 non
1199 4252 1349 4320 respiciunt,

150 4335 184 4387 fr.
203 4325 246 4380 16.
265 4328 288 4390 ἓ.
308 4331 354 4384 ult.
372 4333 407 4384 D.
427 4328 471 4395 20,
490 4329 514 4384 1.
532 4332 564 4383 ir.
583 4333 630 4386 uir.
647 4349 687 4398 pr.
705 4331 741 4382 D.
760 4326 837 4394 18,1
870 4327 904 4382 de
922 4332 992 4380 cont.
1013 4323 1096 4393 amb).
1116 4342 1139 4377 o.
1159 4322 1202 4378 13.
1221 4324 1250 4376 0.
1268 4321 1296 4386 4,
1313 4320 1349 4376 24

152 4404 202 4472 (de
219 4398 272 4468 pig.
292 4401 366 4468 aab).
385 4405 418 4454 ir.
436 4399 480 4454 34.
501 4404 534 4453 D.
552 4399 596 4466 13,
615 4399 632 4454 7
651 4401 700 4468 (de
716 4401 787 4468 pign.
808 4404 882 4452 aot..
1119 4401 1123 4406 '

189 4469 217 4538 8)
239 4469 268 4526 θ.
286 4488 331 4527 un
351 4470 459 4540 o.8,27
477 4471 572 4539 (etim
589 4473 625 4530 ob
643 4470 891 4540 chirographorum
899 4469 1042 4538 pecualem
1050 4467 1146 4536 &gaus
1154 4464 1238 4524 sucu
1247 4457 1350 4531 poue)-
