3098 4966
208 329 260 384 122
530 337 730 376 1111170110111
749 339 822 376 lum
841 339 945 378 Domi
966 339 1084 381 samri.

202 475 244 536 sit
266 471 356 551 quasi
377 467 502 532 traditio
522 469 730 544 servitutum,
761 484 830 530 cum
858 473 892 530 ot
912 467 1093 532 evidentius
1113 470 1283 554 probetur,
1312 473 1403 558 ius1)

202 575 234 636 in
257 591 293 636 re
317 571 408 634 nobis
431 588 503 634 esse
525 586 728 647 concessum,
758 576 822 631 turn
846 573 881 630 ut
901 567 1077 632 interdictis
1105 572 1291 636 servitutem
1320 573 1404 636 tueri

203 672 411 758 possimus2),
436 672 559 733 minime
583 676 686 733 tamen
710 671 891 734 neccssaria
917 669 1060 733 habenda
1085 677 1144 748 est,
1166 673 1194 735 si
1216 692 1234 738 a
1254 674 1404 756 proprie-

202 778 274 840 tatis
293 773 417 838 domino
437 778 527 852 pacto
553 777 585 834 et
603 770 805 852 stipulatione
825 771 965 832 servitus
991 772 1193 834 constituitur
1204 771 1244 860 Β).

244 875 340 948 Quasi
360 873 442 936 tradi
465 871 581 936 dicitur
602 872 822 949 ususfructus,
845 889 915 934 cunr
937 871 1192 935 usufructuarius
1217 875 1248 936 in
1272 874 1404 937 fundum

202 974 327 1040 fruendi
349 989 443 1036 causa
465 972 624 1035 inducitur
636 974 664 1059 ⁴)
692 972 830 1035 velatio
856 973 948 1036 rnodo
975 971 1128 1035 naturalis
1154 975 1201 1038 rei
1223 964 1407 1038 fructuaride

202 1077 365 1160 possessio
388 1073 426 1135 ab
457 1090 495 1135 eo
524 1074 709 1154 acquiritur.
752 1071 942 1135 Praediorurn
970 1090 1049 1134 vero
1080 1077 1253 1140 servitutes
1283 1073 1407 1139 traditae

203 1175 438 1258 intelliguntur,
462 1190 531 1236 curn
554 1173 698 1236 dominus
718 1174 895 1250 servitutis,
918 1175 1056 1256 patiente
1079 1176 1127 1236 rei
1151 1176 1320 1238 servientis
1344 1173 1407 1238 do-

204 1280 307 1356 rnino,
339 1275 500 1338 servitute.
516 1279 661 1354 tanquam
683 1276 753 1338 iure
774 1291 833 1337 suo
855 1291 931 1336 usus
951 1274 1044 1364 1111).
1089 1275 1164 1348 Quae
1185 1278 1217 1338 in
1238 1295 1301 1340 uon
1323 1275 1407 1338 faci-

204 1378 285 1442 endo
300 1376 446 1438 consistit
458 1378 607 1452 servitus,
624 1375 782 1457 possideri
799 1376 920 1457 incipit,
933 1377 1036 1438 statim
1049 1395 1086 1438 ac
1100 1377 1140 1439 de
1155 1395 1192 1440 ea
1204 1377 1354 1440 convenit
1364 1377 1404 1461 6).

245 1481 275 1562 ξ.
289 1477 362 1542 434.
406 1477 582 1540 Servitutcs
606 1485 708 1538 autem
733 1477 927 1539 constituere
949 1483 1082 1558 possunt
1103 1495 1208 1540 rerum
1224 1475 1406 1539 oneranda-

206 1595 275 1641 rum
300 1577 426 1653 donnini,
452 1577 565 1658 quibus
586 1576 725 1639 alienare
747 1576 831 1640 licet.
876 1576 962 1638 Unus
985 1595 1024 1640 ex
1044 1577 1177 1640 dominis
1197 1577 1404 1640 communium

203 1679 392 1762 praediorurn
416 1677 601 1738 servitutem
623 1678 785 1756 imponere
808 1693 870 1738 non
894 1682 1017 1758 potest,
1047 1696 1116 1740 narn
1140 1694 1208 1740 curn
1233 1677 1404 1740 servitutes

204 1779 391 1863 prediorum
414 1777 602 1839 divisionem
625 1794 688 1838 uon
714 1777 868 1858 recipiant
893 1777 939 1862 (ς.
955 1777 1064 1865 404),
1097 1795 1154 1858 pro
1175 1782 1265 1859 parte
1287 1777 1404 1858 imponi

205 1899 268 1944 non
290 1877 474 1963 possuntt).
519 1875 663 1938 Servitus
687 1878 850 1940 servitutis
875 1879 1022 1939 constitui
1040 1897 1102 1940 non
1116 1877 1271 1964 potestss),
1295 1877 1405 1940 necin

205 1981 423 2044 detrimentum
447 1978 610 2039 servitutis
637 1977 696 2040 iarn
720 1979 898 2039 constitutae
928 1977 988 2040 alia
1020 1980 1159 2041 servitus
1188 1977 1305 2066 (11119).
1351 1977 1406 2038 ld-

207 2084 292 2146 ciroo
313 2079 516 2161 proprietatis
539 2078 682 2141 dominus
706 2096 769 2140 non
799 2077 902 2140 solurn
924 2079 1024 2141 invito
1044 2097 1106 2141 non
1132 2084 1254 2160 potest,
1285 2077 1344 2142 sed
1365 2096 1405 2142 no

205 2181 423 2247 consentiente
447 2179 572 2260 quidem
594 2178 767 2241 fructuario
792 2179 977 2241 servitutem
1000 2180 1233 2261 imponere¹⁰);
1263 2180 1325 2241 nisi
1345 2196 1405 2260 qua

162 2321 166 2330 ·
207 2282 346 2346 deterior
374 2280 538 2342 fructuarii
561 2280 698 2343 conditio
726 2298 788 2342 non
816 2279 887 2357 fiat,
918 2281 1017 2342 veluti
1045 2281 1072 2342 si
1101 2280 1194 2342 talem
1222 2281 1406 2343 servitutem

207 2384 312 2446 vicino
336 2383 531 2444 concesserit
539 2400 548 2456 ;
569 2383 618 2443 ius
642 2382 685 2444 ibi
708 2399 780 2444 esse
802 2379 895 2443 altius
918 2399 980 2443 non
1001 2380 1177 2470 tollere11).

249 2481 363 2566 5435.
408 2482 614 2558 Personarum
626 2483 798 2544 servitutes
811 2483 960 2544 constitui
972 2487 1105 2563 possunt
1117 2481 1278 2556 omnibus3
1297 2480 1408 2561 praedii

209 2584 380 2648 servitutes
411 2589 514 2646 autern
536 2583 661 2646 nonnisi
685 2583 762 2665 ipsis
793 2582 981 2663 prandiorum
1013 2582 1188 2645 vicinorum
1210 2582 1344 2644 dominis
1357 2581 1408 2664 ¹²).

208 2821 316 2858 munem
341 2810 431 2857 tamen
456 2805 607 2872 opinionem
626 2803 761 2872 hodieque
779 2805 891 2857 sustinet
908 2821 931 2857 o.
954 2803 1118 2872 Vooqsroro,
1145 2804 1243 2856 Lauri.
1266 2804 1315 2858 dor
1333 2789 1434 2860 Pau-³

162 2937 169 2946 ,
210 2881 313 2932 doctore.
335 2876 434 2927 v01.1.
455 2876 478 2936 ἓ.
496 2874 557 2929 350.
576 2880 640 2928 nota
658 2877 678 2926 1.

244 2944 272 3011 1)
290 2949 334 3000 Fr.
350 2948 393 3000 19.
418 2944 446 2998 D.
460 2945 487 3011 8,
506 2947 523 2999 6
545 2945 629 3015 (quib.
647 2946 720 3000 mod.
740 2961 808 2999 sarr.
828 2943 931 3013 amitt).
951 2947 982 2998 fr.
992 2943 1036 3000 35.
1060 2943 1090 2999 D.
1108 2945 1135 3012 8,
1153 2947 1170 3000 2
1189 2945 1237 3012 (do
1256 2946 1283 3001 S·
1303 2948 1332 2997 Ρ.
1355 2943 1411 3012 11.).

137 3045 140 3049 ·
207 3023 240 3076 fr.
260 3017 285 3070 6.
305 3019 328 3078 9.
349 3016 375 3070 4.
396 3016 427 3069 D.
446 3017 472 3082 8,
491 3016 509 3070 4
528 3018 578 3086 (tit.
596 3015 661 3086 cit).

245 3087 273 3156 2)
291 3091 334 3143 Fr.
354 3089 379 3142 3.
398 3089 421 3149 §-
440 3089 465 3142 1.
484 3088 509 3141 3.
529 3089 559 3141 D.
579 3087 623 3154 43,
642 3088 676 3142 16
695 3087 744 3152 (de
761 3087 809 3155 vi).

244 3160 273 3227 3)
291 3163 335 3214 Fr.
353 3159 379 3212 3.
398 3160 421 3220 1.
439 3159 464 3212 4.
486 3158 516 3210 D.
534 3160 578 3224 43,
597 3160 630 3214 16
649 3160 726 3228 (cit).
746 3176 769 3211 o.
789 3157 831 3213 14.
849 3177 887 3226 pr.
907 3159 936 3210 0.
950 3156 976 3220 3,
991 3155 1026 3209 34
1046 3157 1094 3223 (da
1110 3157 1220 3224 sarrit).
1239 3162 1270 3212 fr.
1285 3157 1327 3212 25.
1348 3159 1371 3218 5.
1381 3155 1410 3212 7.

211 3233 241 3287 D.
259 3229 286 3296 7,
305 3234 320 3286 1
342 3231 390 3300 (111.
410 3230 473 3299 cit).
492 3249 513 3284 o.
534 3230 560 3284 4.
582 3232 611 3284 O.
629 3231 655 3297 3,
676 3231 711 3286 33
730 3229 777 3295 (do
798 3227 955 3294 usufructu).
991 3229 1020 3280 Si
1038 3245 1055 3278 a
1073 3246 1127 3281 non
1147 3231 1253 3284 domino
1273 3231 1411 3284 coustitui-

211 3315 254 3360 tur
274 3307 395 3368 seruitus,
411 3304 566 3372 publiciona
583 3305 612 3357 in
629 3321 685 3357 rem
704 3304 773 3354 actio
792 3319 846 3356 non
865 3300 1003 3368 competit,
1020 3301 1071 3352 nisi
1090 3301 1167 3371 quasi
1186 3303 1285 3355 traditu
1305 3304 1337 3355 sit
1356 3317 1412 3354 ser·

209 3379 288 3432 ritus.
305 3381 336 3430 fr.
355 3375 398 3430 11.
419 3378 441 3438 ἓ.
461 3376 486 3428 2.
508 3373 537 3427 D.
557 3375 583 3440 6,
601 3377 617 3429 2
638 3375 894 3443 (depasturum
909 3369 984 3438 aot).

244 3445 273 3514 4)
292 3451 335 3502 ss.
354 3447 380 3501 3.
399 3467 439 3516 pr.
460 3445 491 3497 D.
508 3444 535 3511 ,7,
554 3448 569 3500 1
590 3445 638 3513 (de
654 3442 754 3511 osuin).

245 3517 274 3586 5)
292 3523 335 3572 Fr.
354 3517 397 3573 20.
427 3515 536 3581 1).8,1
562 3519 609 3578 (de
629 3514 718 3582 seru).
742 3519 774 3569 fr.
794 3515 836 3569 20.
855 3534 894 3584 pr.
921 3509 951 3564 D.
968 3512 1029 3578 8,2
1053 3509 1100 3580 (de
1122 3529 1191 3568 sarr.
1220 3516 1302 3584 praed.
1328 3513 1411 3582 uro).

210 3593 242 3644 fr.
260 3588 287 3642 7.
313 3590 343 3642 D.
361 3587 411 3722 42,
431 3589 464 3644 19
490 3588 536 3652 (da
561 3591 653 3642 itinere
677 3593 794 3656 actuque
817 3581 943 3658 privato).
968 3586 999 3636 fr·
1018 3582 1061 3655 25.
1089 3581 1201 3648 1).8,6
1228 3585 1310 3656 (quib.
1336 3587 1410 3638 mod.

211 3677 278 3714 serv.
297 3664 403 3714 amitt..

247 3733 275 3798 6)
296 3753 319 3787 o.
340 3736 471 3800 sposqop,
493 3734 543 3784 dou
555 3731 652 3783 'Ructat
671 3731 717 3782 dos
734 3730 865 3792 Bessum,
884 3727 906 3788 ἓ.
915 3724 959 3778 46.
980 3727 1042 3795 Arg.
1061 3727 1093 3780 fr.
1111 3725 1137 3779 8.
1156 3728 1179 3789 6.
1199 3727 1223 3781 5.
1242 3731 1276 3782 D.
1295 3728 1322 3793 8,
1339 3723 1356 3781 5
1375 3726 1409 3795 (si

214 3806 301 3861 servii.
320 3805 440 3856 undio..

247 3873 276 3941 7)
294 3877 337 3928 Pr.
358 3875 382 3927 6.
402 3799 441 3942 14.
459 3875 491 3926 fr.
509 3871 534 3925 8.
554 3873 588 3924 D.
606 3869 632 3936 8,
649 3868 667 3923 4
686 3867 830 3938 (commun.
851 3866 959 3936 sarrit).

246 3945 275 4013 8)
293 3949 336 3998 Fr.
355 3946 379 3998 2.
403 3942 513 4007 1).8,1
535 3942 582 4010 (da
602 3940 691 4008 seru).
716 3945 749 3994 11.
770 3941 812 3996 28.
832 3940 875 3994 34.
893 3959 933 4009 pr.
959 3942 992 3991 D.
1012 3937 1038 4004 8,
1056 3937 1074 3992 3
1093 3939 1141 4007 (ds
1159 3939 1187 3992 S.
1206 3943 1236 3992 P.
1255 3937 1308 4006 R).
1333 3942 1365 3993 fr.
1384 3939 1411 3992 6.

212 4019 235 4081 ἓ.
255 4014 280 4072 1.
296 4021 330 4070 D.
349 4015 376 4081 8,
392 4015 410 4069 4
429 4014 478 4082 (tit.
498 4012 561 4081 oft).
580 4017 611 4066 fr.
630 4014 653 4066 1.
674 4012 704 4065 D.
723 4013 766 4076 33,
784 4015 801 4068 2
820 4013 867 4078 (de
885 4015 965 4066 usufr.
985 4010 1060 4078 lep).

247 4088 276 4154 9)
294 4091 337 4141 Fr.
352 4087 396 4142 33.
421 4089 444 4148 ἓ.
464 4088 488 4141 1.
512 4088 541 4138 fn
560 4089 579 4138 f.
598 4088 631 4138 D.
650 4083 710 4150 8,3
732 4085 782 4151 (tit.
803 4081 869 4150 cit).
893 4087 925 4136 fr.
947 4083 970 4135 1.
994 4084 1027 4136 D.
1046 4083 1125 4148 33,2
1152 4081 1199 4149 (da
1224 4083 1362 4136 usufructu
1385 4085 1412 4134 oi

134 4155 141 4164 ’
212 4164 293 4215 usufr.
313 4162 338 4212 le
358 4198 386 4212 ..

231 4230 277 4299 10)
296 4158 689 4352 Νοει4οοη1112ιιειιίιὲὃ1υειίυε
707 4227 749 4280 ius
767 4243 845 4279 suum
863 4231 993 4280 extraneo
1005 4225 1102 4278 oedsra
1114 4228 1209 4292 potest.
1231 4223 1254 4284 6.
1272 4221 1298 4276 3.
1319 4223 1339 4273 1.
1360 4218 1412 4285 1,5

225 4306 258 4358 de
275 4306 366 4358 usui..
386 4303 446 4354 Gai.
483 4301 531 4359 .§.
588 4337 594 4349 .

212 4304 276 4440 (11)
295 4376 360 4427 Haeo
378 4373 488 4440 Ulpiani
511 4376 538 4422 at
556 4368 634 4422 Pauli
652 4367 781 4421 sententia
798 4368 827 4420 in
845 4369 876 4420 fr.
899 4365 940 4420 15.
965 4367 987 4430 §-
1006 4365 1031 4419 7.
1049 4371 1076 4420 ο1
1092 4370 1124 4420 fr.
1154 4365 1196 4420 16.
1214 4367 1250 4419 ab
1264 4365 1412 4434 interpreti·

211 4451 262 4502 bus
280 4463 349 4513 saepe
365 4445 537 4511 reprehensa,
556 4441 619 4494 iuris
637 4440 732 4491 rationi
751 4441 857 4492 omniuo
880 4445 1062 4494 ermenterias
1081 4443 1130 4492 ost.

230 4515 274 4586 12)
293 4519 337 4570 Fr.
357 4514 382 4568 5.
399 4518 433 4568 D.
452 4511 478 4578 8,
496 4511 515 4566 4
533 4512 677 4579 (commun.
696 4505 806 4576 servit).
