3082 4976
594 339 674 379 niara
696 343 714 382 r.
737 341 794 382 cnr.
815 341 852 380 rr.
1288 331 1323 386 63

122 473 183 537 scd
206 473 312 548 etiam,
337 472 364 533 si
388 470 427 547 is,
450 470 504 550 qui
528 471 614 532 tutor
627 471 818 532 constitutus
842 473 901 546 est,
923 483 1035 531 munus
1052 483 1142 532 suum
1160 473 1325 553 suscipere

122 573 314 655 impeditur,
338 571 438 633 ueluti
469 573 495 633 si
526 571 577 632 cui
604 575 790 632 testamento
812 575 896 632 tutor
922 570 980 632 sub
1011 570 1187 634 conditione
1208 577 1262 634 aut
1284 589 1324 635 ex

94 663 96 668 ’
123 674 177 736 dic
200 678 287 735 certo
309 672 400 734 datus
423 671 482 747 sit,
516 669 664 750 quamdiu
687 669 825 732 conditio
849 673 902 731 aut
931 669 999 732 dics
1026 670 1160 751 pendet;
1191 671 1264 733 item
1295 673 1322 733 si

123 791 205 855 pure
236 774 327 836 datus
349 773 409 849 sit,
442 769 590 851 quamdiu
619 787 711 833 nemo
741 789 781 832 ex
810 789 848 833 eo
871 775 1059 832 testamento
1082 771 1176 833 heres
1199 773 1321 848 existit3

124 877 199 938 item
220 876 247 938 si
269 873 524 937 testamentarius
549 876 633 933 tutor
656 872 829 948 eximatur,
861 869 914 932 vel
937 889 953 932 a
975 872 1160 953 magistratu
1182 877 1322 934 remotus

121 977 165 1039 sit
188 974 331 1038 atutela.
357 975 504 1053 Denique
527 972 564 1034 ab
579 971 722 1034 hostibus
744 978 839 1052 capto
858 977 972 1048 tutore,
995 973 1212 1054 amagistratu
1236 975 1322 1035 tutor

124 1079 230 1155 datur,
262 1078 316 1158 qui
344 1081 448 1138 cessat
470 1091 543 1136 esse
565 1079 666 1150 tutor,
696 1075 723 1135 si
745 1089 897 1134 reversus
920 1075 952 1134 in
973 1073 1130 1135 civitatem
1155 1077 1324 1154 recuperet

122 1177 254 1241 tutelam
273 1175 342 1240 iure
362 1175 557 1256 postliminii.
601 1174 753 1248 Quamdiu
777 1175 858 1236 enim
882 1174 1110 1237 testamentaria
1127 1175 1223 1237 tutela
1245 1193 1323 1258 spe-

123 1285 224 1357 ratur,
249 1278 388 1362 legitima
413 1283 517 1340 cessat
529 1278 566 1364 1).

169 1383 202 1462 §-
215 1378 288 1444 223.
333 1379 365 1443 Si
387 1377 499 1458 pupilli
521 1379 594 1454 sint,
619 1378 673 1456 qui
696 1376 841 1459 indigent
862 1375 1083 1440 defensoribus
1104 1381 1234 1456 propter
1251 1383 1328 1441 aeta-

125 1487 201 1558 tem,
226 1485 361 1560 possunt
382 1484 493 1558 petere
515 1483 636 1539 tutores
653 1479 692 1539 iis
709 1477 869 1554 constitui,
892 1479 1019 1560 cognati
1039 1483 1069 1538 et
1085 1478 1139 1557 qui
1154 1479 1327 1541 secundum

124 1580 310 1642 affinitatem
334 1583 418 1655 sunt,
444 1577 613 1642 familiares
637 1584 819 1658 parentum3
845 1585 977 1658 possunt
999 1584 1030 1640 et
1051 1579 1142 1641 amici
1164 1585 1327 1660 parentum
1451 1661 1455 1665 .

125 1687 160 1744 et
181 1680 371 1743 educatores
394 1695 562 1759 puerorum
587 1679 648 1740 boc
668 1683 789 1758 petere.
835 1679 913 1742 Sunt
932 1685 1046 1760 autem,
1070 1679 1183 1758 quibus
1204 1685 1253 1742 est
1267 1697 1327 1742 ne-

125 1797 220 1842 cesse
241 1785 352 1860 petere
374 1783 509 1856 tutores,
530 1785 604 1860 puta
626 1785 724 1840 mater
745 1777 797 1840 vel
822 1782 947 1862 cognati
964 1781 1106 1861 proximi,
1130 1780 1256 1860 quando
1272 1785 1326 1842 tu-

124 1867 221 1943 telam
246 1882 411 1961 suscipere
433 1880 656 1962 impediuntur.
702 1879 733 1942 si
760 1885 869 1961 petere
897 1881 1114 1962 neglexerint,
1146 1887 1245 1944 morte
1264 1899 1327 1964 pu-

124 1981 197 2062 pilli
220 1983 289 2044 cius
312 1981 517 2045 hereditatem
539 1981 720 2044 vindicandi
741 1972 810 2043 iure
834 1983 999 2062 privantur
1009 1981 1047 2068 ²).

153 2203 224 2254 TIT·
245 2203 279 2254 V.
315 2203 365 2254 DE
382 2201 639 2255 nucuonffluu
656 2201 704 2254 ET
722 2201 1056 2256 unmmsunuulonn
1075 2199 1252 2256 TUTORUM
1263 2197 1296 2270 ⁸)ss

168 2335 283 2418 §.224
327 2333 492 2415 Postquam
515 2333 703 2398 dediversis
727 2334 834 2396 tutele
854 2335 1021 2416 speciebus
1044 2336 1190 2414 vidimus,
1213 2337 1325 2417 proxi-

126 2453 211 2498 mum
235 2441 301 2513 est,
331 2441 366 2496 ut
389 2434 428 2497 de
450 2437 636 2498 auctoritate
660 2440 814 2513 tutorum,
843 2442 937 2517 atque
967 2437 1025 2500 hac
1054 2439 1220 2502 occasione
1245 2437 1326 2514 data,

88 2579 91 2588 -
122 2537 165 2600 de
187 2537 458 2600 administratione
480 2553 588 2598 eorum
611 2537 760 2600 dicamus.
805 2535 893 2600 Licet
907 2539 989 2601 enim
1002 2541 1192 2620 precipuum
1213 2538 1326 2600 tutoris

121 2653 238 2700 munus
262 2637 295 2698 in
319 2655 357 2700 eo
388 2637 555 2714 consistat,
587 2642 620 2697 ut
653 2639 872 2700 auctoritatem
904 2654 991 2721 suam
1022 2639 1220 2718 interponat3
1255 2633 1325 2700 aliis

124 2744 228 2800 tamen
254 2744 406 2818 preterea
429 2743 553 2800 tenetur
578 2737 702 2815 officiis,
724 2743 784 2802 tam
799 2745 870 2801 ante
883 2745 1059 2820 susceptam
1076 2739 1214 2817 tutelam,
1238 2755 1329 2820 quam

55 2869 59 2877 ·
130 2857 167 2902 eu
193 2837 326 2900 durante
348 2845 379 2902 et
400 2839 494 2902 linita.

168 2941 198 3021 §-
214 2938 287 3004 225.
331 2938 378 3000 Ex
399 2957 462 3020 quo
484 2940 619 3002 innotuit
641 2939 748 3016 tutori,
773 2938 901 3001 tutelam
924 2938 985 3000 sibi
1002 2955 1072 3000 esse
1088 2937 1233 3014 delatam,
1254 2955 1326 2999 mu·-

125 3056 186 3101 nus
208 3039 318 3101 subire
340 3039 445 3118 debet,
470 3042 561 3102 etiam
585 3042 613 3103 si
636 3040 717 3103 forte
738 3041 849 3102 iustam
883 3039 996 3102 habeat
1017 3040 1260 3100 excusationem.
1295 3039 1327 3103 Si

124 3145 243 3215 cessat,
267 3158 325 3204 suo
346 3140 489 3222 periculo
512 3142 666 3229 cessam).
710 3141 750 3204 Ut
771 3148 873 3204 autem
897 3147 984 3204 recte
1006 3142 1196 3222 suscipiatur
1217 3139 1327 3220 tutela,

126 3241 347 3304 iusiurandum
367 3243 575 3323 praestandum
598 3249 647 3306 est
669 3262 685 3305 a
706 3248 810 3307 tutore
831 3242 871 3305 dc
889 3243 986 3304 tutela
1004 3259 1043 3303 ex
1058 3240 1118 3303 lide
1133 3241 1272 3322 gerenda
1285 3241 1325 3326 ⁶).

127 3339 252 3402 Deinde
277 3341 439 3405 satisdatio
461 3343 530 3406 lieri
554 3344 664 3406 debet:
695 3362 760 3406 rem
779 3341 888 3423 pupilli
909 3343 1027 3404 solvam
1053 3341 1183 3429 fcre⁶);
1218 3346 1250 3403 ct
1272 3343 1325 3402 in-

126 3443 306 3504 ventarium
331 3444 351 3504 i.
376 3462 404 3505 e.
428 3445 638 3527 repertorium
665 3446 802 3507 omnium
832 3444 1014 3507 facultatum
1043 3441 1154 3524 pupilli
1182 3443 1213 3502 in
1241 3457 1325 3520 prae-

123 3543 227 3628 sentia
249 3557 454 3623 personarum
476 3545 669 3625 publicarum
692 3545 802 3608 confici
810 3563 819 3620 3
852 3545 879 3608 si
900 3544 993 3608 modo
1014 3549 1104 3625 pater
1125 3541 1203 3603 illud
1226 3557 1324 3604 cons-

124 3642 206 3705 cribi
230 3643 413 3724 specialiter
443 3664 507 3710 non
534 3647 744 3728 prohibuerit.
796 3647 855 3720 Qui
886 3645 1095 3710 inventarium
1117 3644 1222 3707 facere
1241 3661 1326 3726 neg-

123 3821 324 3832 nnn—-

161 3923 191 3992 1)
211 3923 235 3983 i.
256 3924 281 3978 1.
301 3923 326 3977 2.
344 3925 365 3976 Ι.
384 3926 411 3975 1.
429 3932 448 3978 t.
466 3924 504 3993 (1,
525 3923 579 3993 20).
601 3923 695 3980 Gari.
715 3923 880 3987 §.186.187.
899 3925 942 3978 Fr.
958 3925 1000 3979 11.
1019 3941 1057 3992 pr.
1077 3922 1189 3986 §.r-4.
1208 3927 1241 3976 D.
1254 3921 1324 3987 26,2

126 3993 425 4131 (defflubftotfeuattflr‘rfsin
444 4069 475 4120 fr.
485 4067 509 4121 2.
531 4087 570 4136 pr.
591 4067 615 4128 ἓ.
633 4069 659 4122 1.
678 4067 704 4121 2.
721 4071 755 4120 D.
774 4067 817 4132 26,
839 4069 855 4124 2
874 4066 933 4138 (qui
949 4073 1043 4136 petant
1062 4064 1182 4134 tutores).
1200 4085 1223 4120 c.
1245 4061 1324 4121 1-4.

125 4131 578 4274 c'33'furf⁰2⁰1‘1'(fff')la‹›aaae
595 4207 696 4277 suaa).
715 4213 749 4265 n.
770 4207 814 4276 ae,
832 4209 849 4263 a
869 4208 943 4279 (sou.
963 4208 1024 4277 aa).
1042 4212 1076 4262 o.
1097 4207 1176 4274 aar
1206 4206 1254 4276 (aa
1275 4186 1323 4259 aa?

125 4279 225 4334 iutnbt.
244 4276 345 4346 lutor).
367 4282 435 4335 cod.
453 4279 480 4346 ὅ,
498 4279 533 4335 37
553 4281 625 4351 (cod.
643 4281 703 4348 ric).

161 4347 193 4414 4)
211 4349 275 4416 Uip.
294 4350 322 4401 ln
339 4353 371 4403 fr.
390 4353 415 4405 1.
434 4351 457 4413 ἓ.
477 4352 501 4405 1.
520 4357 551 4410 fr.
570 4352 595 4408 5.
616 4352 639 4414 5.
658 4351 702 4407 10.
719 4356 752 4406 D.
772 4353 817 4418 26,
833 4349 851 4405 7
871 4350 920 4418 (dt.
940 4349 996 4418 ait.)

160 4417 190 4485 b)
209 4421 279 4473 Nou.
299 4420 409 4475 LXXII.
428 4441 451 4476 c.
469 4420 494 4476 7.

161 4489 192 4556 6)
214 4492 298 4543 Plura
318 4491 353 4547 de
371 4495 423 4548 hoo
441 4495 615 4550 satisdatione
632 4497 715 4564 paulo
732 4495 842 4548 iuferius
861 4493 984 4547 dicemur
1001 4491 1024 4552 ἓ.
1043 4489 1103 4545 250.
1121 4505 1177 4558 naq.
