3064 4966
559 333 641 400 utura
662 334 694 372 rr.
713 334 781 372 ms
790 335 822 372 rr.
840 333 898 379 oar.
910 334 948 378 rr.
1296 324 1350 380 188

144 463 291 540 ceditur,
322 466 479 543 quatenus
500 459 640 525 diacmni
662 463 849 550 passaw).
892 463 959 526 Nec
987 463 1070 527 ultra
1099 467 1348 546 quinquennium

144 569 219 646 port
237 563 407 630 aditionem
430 562 657 628 numerandum
678 563 839 648 impetrari
860 565 1012 646 potasti).

187 664 335 732 rectoris
357 668 462 729 autem
484 663 573 727 notio
591 669 651 740 cst,
672 682 711 727 au
729 664 919 736 admittenda
933 666 989 728 sit
1003 665 1173 746 separatio,
1195 667 1347 752 neerei).

190 765 308 849 91149.
351 763 497 830 Admisso
519 766 719 846 separatione
742 764 889 843 efficitur,
911 771 947 828 ut
968 765 1045 830 solis
1060 765 1272 833 creditoribus
1286 767 1347 828 ho·-

142 865 304 930 reditariis
328 882 370 930 ex
390 865 566 934 hereditate
589 865 737 944 satisfiat,
771 865 965 948 herodisque
994 867 1205 929 creditoribus
1229 871 1348 936 tantum

144 987 186 1032 ax
208 985 258 1046 eo,
282 967 367 1050 quod
388 967 583 1050 superfuerit
594 986 645 1032 en
663 967 755 1031 bordis
783 969 943 1032 testatoris
955 968 994 1056 ⁴).
1037 968 1077 1033 ldt
1098 969 1125 1029 si
1146 967 1260 1030 idonea
1282 984 1346 1029 non

143 1069 325 1134 inueniatur
347 1067 526 1144 hereditas,
555 1071 650 1131 hores
680 1069 956 1147 chlamidemque,
988 1087 1051 1132 non
1072 1073 1205 1150 possunt
1226 1069 1346 1136 revorti

12 1159 21 1170 ’
143 1170 183 1234 ad
206 1159 376 1247 heredem,
407 1170 464 1233 red
494 1171 525 1232 ci
554 1171 639 1251 quod
662 1171 761 1234 semol
783 1167 1002 1252 postularunt,
1027 1177 1113 1234 stare
1141 1170 1257 1232 debent
1285 1169 1346 1232 nisi

143 1271 320 1340 iustissima
344 1287 438 1334 eausa
459 1271 648 1354 ignorantia
671 1271 758 1334 aliud
781 1271 964 1359 stradeatl).
1008 1273 1042 1334 Si
1063 1270 1189 1352 quidam
1204 1269 1346 1332 credito-

141 1387 213 1440 rum
240 1376 325 1448 suut,
347 1372 401 1452 qui
423 1389 486 1437 non
508 1373 610 1438 secuti
630 1373 695 1434 sint
715 1371 921 1449 heneficium,
951 1373 1107 1454 separatio
1130 1372 1168 1436 ab
1191 1370 1262 1434 aliis
1284 1371 1346 1437 tn.

144 1477 285 1552 petrata,
313 1468 379 1533 illis
401 1489 504 1552 neque
524 1472 655 1553 prodest
676 1489 782 1553 neque
804 1475 950 1560 coceii).
995 1474 1028 1538 si
1051 1473 1133 1536 bona
1155 1471 1345 1534 hereditaria

142 1571 302 1642 soluendo
323 1589 387 1635 nou
408 1577 492 1649 suut,
512 1572 625 1636 melior
647 1579 695 1635 cst
717 1589 812 1636 causa
833 1575 991 1655 potiorum
1016 1574 1226 1648 creditorum3
1250 1572 1344 1655 lepa-

141 1674 214 1738 tarit
233 1679 306 1754 post
327 1689 435 1738 omues
458 1673 581 1736 demum
604 1675 809 1746 admittuntur
824 1675 862 1765 l).

184 1773 299 1856 §.65st
344 1773 455 1838 deccat
474 1775 646 1838 remedium
671 1777 897 1857 separationis,
928 1778 956 1841 sl
978 1777 1106 1842 heredis
1126 1776 1218 1840 fidem
1241 1778 1343 1840 secuti

141 1881 217 1938 sunt
239 1875 435 1952 creditores,
468 1876 496 1938 si
519 1875 678 1939 hereditas
702 1877 740 1940 ab
771 1877 890 1946 herede
922 1879 1005 1943 bona
1030 1879 1091 1942 lide
1117 1878 1342 1954 distractam,

139 1978 215 2044 itam
239 1977 348 2060 elapso
372 1977 586 2059 quinquennio
611 1984 644 2041 et
664 1979 756 2042 bonis
779 1979 972 2066 contarist).

386 2201 454 2254 utu.
472 2201 520 2254 m.
555 2201 605 2254 Du
624 2199 857 2255 oouufflouu
877 2197 1101 2266 BONORUM').

184 2335 215 2418 ἓ.
228 2333 301 2406 651.
345 2334 379 2402 Si
403 2333 496 2398 liberi
516 2333 697 2419 parentibus
720 2335 787 2396 suis
809 2333 944 2406 heredes
969 2339 1053 2410 sunt,
1079 2351 1142 2396 non
1163 2349 1235 2404 raro
1256 2331 1343 2393 acci-

140 2435 196 2518 dit,
219 2441 253 2496 ut
275 2436 414 2522 quadam
437 2435 519 2502 bonu
542 2437 620 2520 ipsis
645 2437 772 2524 propria
796 2435 827 2506 iu
850 2435 1056 2506 hereditatem
1074 2433 1193 2496 inferre
1208 2439 1342 2496 tenean-

140 2543 203 2614 tur,
227 2553 297 2617 quae
318 2535 469 2622 obligatio
496 2535 623 2603 collatio
646 2537 799 2601 bonorum
823 2535 1011 2620 appellatur.
1053 2535 1120 2601 Hoc
1136 2537 1189 2618 ius
1210 2536 1343 2616 primum

140 2637 288 2702 Pretoris
311 2636 415 2702 edicto
444 2637 656 2704 introductum
680 2643 746 2716 est,
778 2655 846 2706 cum
869 2639 1080 2731 emancipatos
1103 2635 1221 2704 liberos
1250 2633 1343 2704 simul

141 2754 212 2800 cum
239 2737 305 2799 suis
328 2731 499 2803 heredibus
521 2737 560 2802 ad
580 2738 733 2806 bonorum
757 2739 993 2828 possessionem
1015 2742 1155 2808 vocaret.
1190 2733 1236 2806 Ne
1259 2734 1340 2804 enim

141 2839 251 2918 iniqua
273 2837 468 2919 inequalitas
490 2841 652 2917 eveniret,
684 2842 895 2920 emancipatos
924 2839 1024 2902 omnia
1056 2837 1238 2926 sunbona,
1271 2853 1341 2922 quae
1401 2869 1403 2874 ,

141 2940 223 3024 patri
246 2938 400 3022 acquisita
424 2938 561 3002 luissent
581 2940 650 3001 sine
672 2941 936 3022 emancipatione,
970 2939 1002 3003 in
1028 2936 1163 3003 medium
1194 2937 1341 3001 conterre

140 3040 278 3104 iubebat.
322 3038 395 3102 blox
417 3039 479 3103 lilia
502 3057 647 3124 quoquc,
671 3057 728 3105 sua
751 3041 846 3105 heres
868 3041 972 3106 dotem
996 3039 1141 3102 conferre
1167 3036 1342 3120 compelleq

140 3139 298 3228 baturll).
328 3139 439 3202 Postea
461 3159 540 3203 vero
564 3159 632 3208 cum
654 3139 715 3204 alia
737 3148 844 3204 essent
866 3147 987 3224 patrum
1008 3143 1076 3203 iura
1098 3141 1130 3205 in
1153 3139 1243 3201 bonis
1258 3137 1342 3208 libe-

140 3256 248 3302 rorum
269 3256 409 3316 suorum,
432 3240 493 3303 hoc
515 3241 564 3303 ius
587 3258 625 3304 eo
647 3247 796 3304 mutatum
820 3241 879 3318 e'st,
902 3248 936 3310 ut
956 3259 1019 3307 non
1040 3239 1142 3305 solum
1159 3237 1342 3319 emancipati

140 3339 236 3403 liberi
258 3342 326 3407 suis
346 3340 517 3406 heredibus
541 3361 577 3406 ea
600 3341 747 3410 conferre
767 3343 971 3420 iuberentur,
1003 3358 1073 3422 quae
1094 3342 1343 3424 emancipatione

141 3457 206 3510 non
229 3443 462 3514 interveniente
485 3444 582 3526 patris
605 3443 751 3521 luissent,
774 3443 831 3508 scd
855 3445 957 3521 etiam,
982 3449 1016 3504 ut
1038 3443 1087 3512 sui
1107 3443 1174 3503 suis
1188 3447 1341 3509 ereman-

142 3543 239 3624 cipati
262 3543 462 3626 emancipatis
484 3561 592 3606 omues
613 3563 665 3611 res
687 3545 834 3614 conferre
857 3545 1085 3630 obligarentur,
1108 3562 1177 3630 quae
1198 3544 1236 3609 ab
1252 3543 1341 3616 hisco

141 3643 341 3722 accepissent
365 3661 401 3706 ea
425 3641 516 3734 lege,
548 3650 582 3706 ut
611 3645 782 3734 aliquando
805 3647 836 3716 in
860 3653 980 3738 partem
1002 3645 1224 3720 hereditariam
1252 3663 1340 3716 ocur-

141 3747 328 3824 putarentur
339 3744 388 3824 11).
451 3741 455 3749 ’

182 3836 298 3927 §.652ss
344 3843 527 3911 Collationis
549 3845 684 3912 officium
706 3849 813 3930 itaque
835 3834 955 3928 liberis,
977 3848 1159 3930 parentibus
1174 3848 1241 3910 suis
1263 3863 1339 3910 suc-

140 3999 339 4016 ——a—-q-

175 4093 203 4162 1)
223 4095 267 4148 1⁴¹1,
286 4094 311 4148 1.
332 4095 356 4157 δ.
376 4096 419 4150 12.
438 4096 500 4150 eod.
600 4095 629 4164 2)
649 4099 692 4151 Fr.
711 4098 736 4152 1.
754 4097 777 4158 ἐ.
796 4097 838 4150 13.
857 4101 919 4152 aod.

173 4165 204 4234 8)
222 4169 266 4220 Fr.
288 4167 313 4220 1.
331 4186 370 4236 pt.
390 4169 413 4229 δ.
428 4166 472 4222 14.
489 4167 552 4221 eod.
650 4168 680 4235 4)
699 4170 743 4224 Fr.
763 4170 786 4222 1.
806 4169 829 4229 1.
850 4170 874 4222 1.
893 4169 936 4224 17.
950 4171 983 4221 D.
1002 4169 1065 4222 eod.

175 4235 204 4304 5)
224 4240 268 4292 Fr.
288 4239 312 4292 l.
330 4241 351 4301 ἓ.
372 4238 416 4302 17.
434 4243 465 4292 ir.
483 4239 509 4292 3.
529 4240 552 4304 ᾖ.
573 4241 598 4294 2.
617 4243 649 4292 ir.
667 4239 691 4296 b.
709 4249 742 4297 i).
761 4243 788 4293 h.
806 4246 824 4293 t.
924 4239 957 4307 6)
974 4241 1016 4293 Fr.
1036 4241 1061 4294 1.
1078 4241 1103 4302 §-
1122 4240 1164 4294 16.
1185 4243 1248 4296 eod.

175 4307 204 4376 7)
222 4307 351 4369 unit
370 4313 395 4366 1.
413 4315 445 4365 ir.
464 4312 489 4365 6.
506 4329 546 4378 pr.
564 4315 597 4370 D,
615 4314 642 4364 h.
659 4317 677 4364 t.
743 4311 835 4378 atur.
858 4311 1335 4370 t.§.10.11.15.tr.2.1>.00d.

176 4381 203 4448 9)
222 4385 256 4450 D.
275 4380 320 4446 37,
336 4382 355 4436 6
373 4383 421 4450 (do
440 4384 583 4436 collatione
602 4383 754 4452 bonorum).
780 4401 803 4436 u.
821 4383 847 4446 6,
865 4381 901 4436 20
925 4382 1178 4453 (decollatione).
1206 4388 1273 4440 Nor.
1293 4387 1336 4454 18.

140 4461 164 4497 0·
182 4453 208 4507 6.
228 4455 296 4512 Nor.
312 4452 358 4507 97.
374 4471 398 4510 a.
417 4453 443 4508 6.
475 4473 502 4508 ο.
526 4456 682 4523 Vcnqcroac,
702 4457 843 4512 Lshrduch
863 4454 886 4514 ἓ.
904 4454 964 4510 615.
983 4455 1044 4510 516.

158 4523 205 4592 10)
225 4528 260 4578 D.
277 4522 321 4591 37,
337 4523 354 4580 7
376 4524 423 4594 (da
441 4527 510 4581 dotia
529 4524 692 4594 collatione).
793 4524 840 4594 11)
861 4527 889 4579 (t.
912 4525 953 4580 17.
972 4527 1014 4582 19.
1031 4527 1076 4582 20.
1095 4529 1125 4581 0.
1144 4530 1171 4581 h.
1189 4532 1209 4580 t.
