3064 4966
547 356 626 394 erosa
640 360 669 397 n.
690 357 755 394 rens
768 359 797 396 n.
819 359 876 394 car.
892 358 918 395 v.
1287 351 1341 406 213

133 486 242 550 subire
269 489 483 552 recusaverit:
517 505 552 550 se
580 488 623 552 nil
653 469 715 552 1212
746 509 763 553 2
795 495 946 552 testatore
968 489 1141 556 audivisse.
1186 493 1336 560 Hodierni

132 589 194 652 hoc
212 587 473 668 fideicommissum
493 591 641 674 presenti
661 589 766 652 heredi
787 591 955 652 iniuractum
974 593 1185 680 appellant1).

153 799 221 852 ΤΙΤ.
241 799 312 852 VIII.
349 796 397 850 Du
416 793 549 848 Moeris
568 757 690 846 01111811
702 791 973 846 DONATIONIBUS
992 795 1040 846 ET
1058 795 1273 850 CAPIONIBUS
1285 795 1316 863 ²).

177 935 207 1015 ξ.
222 929 292 994 746.
338 927 489 1009 Superest
513 927 551 988 in,
569 925 628 988 hoc
648 931 801 1002 tractatu,
825 932 859 986 ut
882 926 921 988 de
943 928 1051 989 mortis
1076 944 1170 990 causa
1194 929 1339 992 donatio-

134 1033 229 1095 nibus
251 1031 464 1112 dispiciamus.
511 1027 566 1089 Est
589 1033 691 1090 autem
715 1030 824 1090 mortis
847 1045 941 1090 causa
964 1027 1103 1108 donatio,
1127 1047 1196 1109 quae
1210 1034 1340 1109 propter
1365 1023 1370 1029 ’

132 1135 246 1196 mortis
275 1131 488 1210 suspicionem
518 1129 571 1203 11,
603 1144 660 1188 seu
685 1127 945 1190 obmortalitetis
969 1129 1250 1210 cogitationem),
1284 1145 1342 1189 seu

135 1251 206 1296 cunr
230 1233 301 1312 quis
324 1229 412 1292 nullo
430 1229 596 1310 praesentis
612 1227 747 1308 periculi
763 1235 846 1290 metu
863 1230 1066 1304 conterritus,
1090 1229 1145 1290 sed
1166 1229 1232 1290 sola
1250 1246 1338 1291 mor-

134 1333 265 1396 talitatis
289 1331 481 1413 cogitatione
505 1334 606 1390 motus
629 1329 740 1404 donat,
771 1335 824 1390 aut
847 1331 875 1390 si
901 1329 971 1409 quis
993 1329 1173 1390 imminente
1195 1329 1338 1410 periculo

133 1439 307 1496 commotus
330 1431 436 1507 donat,
458 1433 527 1492 sive
550 1431 603 1506 ita,
626 1436 660 1490 ut
680 1447 732 1490 res
754 1431 857 1491 statim
882 1429 934 1508 fiat
957 1431 1157 1510 accipientis,
1181 1431 1250 1490 sive
1273 1435 1336 1490 tum

133 1533 275 1610 demum,
306 1549 375 1594 cum
405 1548 489 1604 mors
519 1531 615 1593 suerit
644 1533 784 1592 insecuta
797 1531 836 1614 4).
882 1531 916 1590 ln
950 1548 1067 1592 summa
1098 1532 1206 1592 mortis
1240 1547 1334 1592 causa

133 1633 260 1696 donatio
283 1637 342 1707 est,
367 1647 436 1692 eum
458 1632 528 1710 quis
552 1631 652 1713 magis
675 1630 792 1692 habere
814 1648 849 1692 sc
872 1631 950 1707 vult,
975 1649 1067 1710 quam
1091 1649 1171 1708 eum,
1198 1634 1249 1694 cui
1273 1633 1333 1694 do-

134 1738 198 1808 nat,
220 1731 385 1814 magisque
408 1747 496 1806 eum,
530 1732 580 1792 cui
603 1731 715 1806 donat,
748 1749 839 1810 quam
871 1731 1018 1793 heredem
1043 1733 1187 1818 suurn5).
1233 1732 1337 1804 Quare

133 1849 292 1912 nunquam
314 1819 441 1893 'videtur
463 1831 604 1915 perfecta
626 1831 753 1893 donatio
776 1833 884 1894 mortis
914 1849 1008 1894 causa
1038 1831 1137 1908 facta,
1170 1837 1336 1912 antequam

134 1951 222 2000 mors
243 1933 430 2011 insequatur
443 1929 484 2019 6).
558 1986 562 1991 .

178 2036 209 2116 ξ.
224 2033 295 2096 747.
339 2031 449 2094 Mortis
470 2047 564 2112 eausa
585 2031 710 2094 donatio
732 2034 831 2116 igitur
853 2051 915 2096 non
930 2039 1048 2094 tantum
1063 2031 1193 2094 intirmae
1209 2030 1336 2093 valetu-

134 2136 217 2199 dinis
247 2149 360 2208 eausn,
392 2131 448 2194 sed
480 2131 622 2211 periculi,
644 2133 737 2193 etiam
767 2134 951 2213 propinquae
976 2133 1082 2194 mortis
1108 2133 1159 2194 vel
1183 2131 1221 2193 ab
1246 2130 1338 2194 hoste

135 2235 189 2298 vel
212 2253 229 2296 a
252 2227 473 2315 predonibus,
507 2230 619 2294 veleb
644 2231 776 2294 hominis
804 2235 940 2312 potentis
965 2233 1037 2294 odio
1061 2239 1114 2293 aut
1138 2231 1338 2307 crudelitate,

135 2340 190 2397 aut
211 2329 422 2416 navigationis
444 2333 590 2394 ineunda
613 2335 731 2416 gretia:
755 2341 809 2395 aut
831 2335 868 2396 ab
892 2352 929 2396 eo
952 2335 1006 2414 qui
1026 2352 1084 2414 per
1101 2333 1251 2396 insidiosa
1268 2334 1338 2396 loca

136 2435 238 2496 iturus
263 2439 322 2510 est,
348 2451 418 2512 quae
440 2434 540 2494 omnia
563 2433 683 2494 instans
703 2433 878 2512 periculum
899 2431 1166 2518 demonstranti).

177 2532 247 2594 Non
271 2539 373 2594 tamen
395 2532 493 2593 omnis
518 2531 655 2607 donatio,
683 2548 752 2611 quae
774 2532 807 2592 tit
826 2534 961 2594 instante
984 2533 1092 2594 mortis
1115 2532 1271 2612 periculo,
1294 2537 1342 2614 est

134 2634 245 2696 mortis
276 2650 371 2696 causa
407 2631 550 2709 donatio,
581 2631 680 2692 veluti
703 2650 773 2694 eum
795 2635 931 2694 moriens
953 2631 1097 2694 absolute
1121 2631 1173 2692 det
1197 2633 1217 2692 i.
1244 2651 1272 2692 e.
1298 2651 1334 2694 ea

103 2812 109 2824 .
137 2741 252 2812 mente,
275 2739 309 2795 ut
331 2751 393 2794 non
416 2733 510 2794 liceat
532 2750 601 2794 eum
623 2734 796 2813 poenitere,
818 2733 1152 2818 222261221122118).
1196 2733 1341 2812 Denique

138 2842 170 2898 et
193 2835 323 2898 alterius
348 2833 463 2921 (veluti
483 2833 553 2920 tilii)
578 2835 687 2898 mortis
709 2851 803 2896 causa
825 2834 951 2896 donatio
975 2833 1043 2895 lieri
1063 2839 1167 2914 potest
1179 2831 1214 2914 9).

179 2933 210 3018 ξ.
225 2936 296 3000 748.
340 2933 422 2996 Fieri
446 2940 551 2996 autem
572 2934 646 2996 olim
672 2933 817 2996 solebant
838 2935 946 2996 mortis
969 2951 1062 2996 causa
1078 2934 1262 2995 donationes
1280 2933 1340 2994 iis-

138 3037 209 3100 dem
230 3035 493 3116 222112,·221122
517 3041 548 3095 et
569 3035 652 3096 inter
673 3035 764 3097 vivos
788 3034 973 3096 donationes
999 3033 1244 3114 perficiebantur
1267 3035 1288 3094 i.
1311 3054 1339 3096 e.

139 3144 200 3200 tem
223 3137 450 3217 mancipatione
476 3136 582 3197 autin
603 3136 674 3196 iure
696 3135 841 3197 cessione
864 3153 969 3196 rerum
993 3152 1064 3214 quae
1086 3135 1217 3214 mancipi
1241 3141 1341 3212 erant,

139 3245 171 3302 et
203 3237 370 3300 traditione
404 3255 508 3299 rerum
538 3255 597 3314 nec
628 3237 780 3316 mancipi,
815 3253 905 3316 quam
934 3235 1145 3314 promissione
1175 3233 1338 3312 stipulanti

138 3339 220 3401 facta
229 3337 280 3428 l⁰),
304 3341 378 3400 item
389 3337 589 3421 delegatione
612 3343 643 3400 et
655 3337 893 3418 acceptilatione
903 3337 964 3421 ¹1):
988 3337 1015 3394 si
1028 3334 1154 3414 quidem
1168 3333 1336 3413 quodcun-

140 3457 202 3520 que
226 3439 337 3502 horum
358 3440 558 3521 negotiorum
583 3438 690 3500 mortis
711 3454 808 3498 ceusu
832 3435 966 3499 donandi
993 3435 1093 3496 animo
1115 3437 1284 3518 gereretur
1296 3430 1337 3518 ¹2)

175 3679 204 3746 1)
224 3683 247 3745 e.
270 3679 311 3732 22.
330 3680 351 3730 2.
370 3677 396 3743 2,
414 3677 449 3732 23
468 3677 515 3746 (ue
532 3660 714 3732 euerao'mma.
732 3677 846 3746 herou).
872 3695 895 3730 0.
913 3677 955 3730 aa.
975 3678 1005 3730 c.
1023 3676 1049 3740 c,
1067 3675 1102 3728 42
1122 3673 1170 3739 (aa
1189 3670 1298 3740 ruere).
1319 3691 1342 3726 a.

144 3753 291 3820 Vcnpercw
310 3751 332 3812 ἓ.
352 3747 501 3804 561-563.
584 3755 588 3767 ·
756 3753 759 3758 ’

176 3824 205 3888 2)
228 3824 250 3884 1.
269 3823 294 3874 1.
315 3823 336 3873 Ι.
355 3819 388 3874 27
409 3819 457 3885 (de
473 3819 658 3888 (1222112216.)
689 3819 845 3888 11123116
872 3819 919 3885 (de
941 3819 1031 3870 mortis
1049 3833 1133 3869 causa
1154 3814 1340 3881 (1222112215.)

140 3897 170 3948 G.
190 3894 216 3956 8,
237 3891 270 3946 57
289 3892 362 3960 (226.
380 3890 440 3959 tie).
458 3894 591 3945 Vaticana
609 3896 703 3960 fragm.
722 3891 781 3945 272.
801 3891 861 3944 274.
881 3889 942 3942 281.
961 3889 1020 3941 288.

142 4009 146 4016 .
175 3962 205 4032 3)
227 3965 249 4024 d.
270 3963 294 4016 1.
313 3966 334 4016 Ι.
354 3967 379 4015 h.
399 3971 417 4014 1.
435 3967 466 4016 12.
485 3965 509 4017 2.
530 3963 572 4017 31.
594 3964 617 4024 ἓ.
635 3965 660 4016 2.
679 3966 712 4016 12.
731 3963 774 4017 35.
793 3964 816 4024 ἓ.
835 3961 860 4014 4.
881 3959 912 4013 Ι).
932 3961 992 4014 eod.

175 4033 723 4102 flfflaffidLmffiassffi

177 4105 205 4172 5)
225 4106 249 4167 §-
272 4107 296 4159 1.
314 4108 335 4158 Ι.
359 4106 401 4160 211.
419 4108 446 4158 in
462 4109 480 4160 i.
501 4112 532 4161 12.
553 4107 577 4159 1.
596 4110 629 4158 D.
650 4109 675 4157 h.
693 4113 712 4158 1.
730 4109 761 4158 fr.
780 4104 822 4159 35.
842 4105 864 4164 1.
885 4104 909 4156 2.
927 4105 964 4155 ib.

176 4177 205 4244 6)
224 4180 268 4230 Fr.
286 4176 330 4229 32.
349 4181 382 4229 D.
404 4179 430 4229 12.
450 4183 467 4230 1.
568 4175 595 4245 7)
615 4180 658 4230 Fr.
678 4177 703 4230 3.
721 4177 747 4230 4.
767 4176 791 4229 5.
810 4177 835 4228 6.
855 4179 889 4227 D.
908 4177 945 4226 ib.

176 4247 205 4315 8)
224 4251 267 4300 Fr.
287 4246 331 4302 42.
350 4249 373 4311 ἐ.
388 4249 412 4300 1.
430 4251 462 4300 D.
485 4251 545 4302 eod.
645 4247 673 4315 9)
691 4251 734 4300 Fr.
755 4249 797 4300 11.
821 4245 862 4300 18.
883 4249 915 4298 D.
935 4249 963 4298 h.
982 4251 1000 4298 1.
1020 4262 1043 4296 2.
1062 4241 1087 4295 3.
1107 4243 1136 4294 0;
1157 4241 1217 4292 eod.

162 4319 208 4387 10)
229 4321 335 4389 Siquis
357 4321 531 4388 stipularetur
550 4323 579 4373 in
596 4337 681 4372 annos
701 4322 832 4388 singulos,
852 4320 926 4390 quod
943 4320 1061 4378 viveret,
1088 4314 1206 4367 scilicet:
1238 4315 1266 4360 ut
1283 4314 1343 4376 post

140 4399 253 4446 mortem
273 4394 439 4459 promissoris
458 4394 586 4460 inciperet
604 4393 718 4444 exactio.
736 4396 767 4443 12.
787 4391 829 4444 34.
850 4395 882 4442 D.
903 4393 928 4441 h.
946 4397 964 4442 t.
984 4393 1029 4442 212.
1048 4391 1080 4438 12.
1099 4383 1142 4438 35.
1162 4383 1184 4442 ἓ·
1205 4380 1228 4432 7·
1247 4382 1283 4431 ib·

159 4461 206 4530 11)
225 4465 268 4514 Fr.
289 4460 331 4514 18.
351 4464 373 4524 1.
394 4463 418 4515 1.
439 4467 471 4515 12.
490 4463 532 4517 24.
551 4463 594 4517 31.
615 4464 638 4523 ἓ.
659 4463 683 4514 1.
703 4462 727 4515 3.
746 4461 772 4514 4.
792 4466 823 4515 12.
842 4462 885 4515 35.
907 4461 930 4521 §-
950 4462 974 4514 6.
994 4465 1028 4513 D.
1047 4460 1073 4508 h.
1093 4461 1111 4508 t.

160 4531 207 4600 12)
228 4536 290 4601 Arg.
307 4537 340 4586 ir.
358 4530 401 4589 35.
418 4535 440 4595 §-
458 4535 483 4587 3.
495 4536 538 4587 16.
556 4538 587 4588 12.
607 4535 649 4588 20.
664 4537 700 4586 ·D.
720 4531 763 4599 50,
780 4535 814 4588 16
834 4533 880 4600 (de
892 4533 923 4587 V.
939 4533 987 4599 3.).
1009 4534 1056 4586 afr.
1075 4529 1149 4581 2112.
1168 4523 1209 4577 11.
1228 4519 1349 4584 §.L—9.

1521 4569 1528 4624 1
