3064 4966
201 335 255 396 198
524 345 723 394 sssrrrurscm
742 343 940 386 aristentus
957 343 1077 388 mussi,

201 483 344 558 venerit.
360 485 448 543 recte
468 483 591 560 potest,
614 479 687 560 quis
711 483 832 542 certum
853 479 954 542 estid
974 441 1113 542 debitum
1134 482 1172 543 iri
1186 483 1231 568 ¹),
1259 483 1288 544 si
1308 482 1404 545 mede

83 655 87 666 ι
206 601 269 647 nou
290 599 348 662 prc
372 581 530 663 legstcric
552 580 633 643 diem
655 579 846 661 adscriptum
867 597 940 643 esse
964 581 1158 668 appareett).

241 687 272 766 ξ.
284 682 357 748 698.
401 681 521 754 Quodsi
543 682 594 743 cui
617 684 649 744 in
671 683 732 743 hoc
753 682 889 764 legatum
911 683 964 758 sit,
987 687 1022 743 ut
1042 699 1083 744 ex
1106 699 1144 744 eo
1168 681 1287 762 aliquid
1310 683 1402 747 iece-

200 789 261 862 ret‚
284 783 384 846 veluti
406 789 639 847 monumentum
660 785 817 859 testatori,
839 782 892 846 vel
913 799 992 863 opus
1011 789 1068 845 sut
1089 783 1215 864 epulum
1231 785 1403 867 municipi-

200 885 260 949 bus
283 885 423 961 fuceret,
443 885 502 946 'vel
524 890 559 946 ut
581 902 620 946 ex
644 902 683 946 ec
705 889 825 964 partem
847 883 900 946 ulii
925 885 1128 960 restitueret,
1160 883 1217 945 sub
1237 883 1326 946 mode
1349 885 1403 946 le-

202 992 308 1071 gatum
333 985 461 1047 videtur
474 985 514 1070 ³).
551 984 664 1048 diodus
686 984 863 1065 implendus
885 989 945 1060 est,
970 985 1061 1046 etism
1083 985 1110 1044 si
1134 983 1261 1046 heredis
1281 986 1324 1046 nil
1346 987 1402 1046 iu·-

202 1087 312 1162 tersit‚
340 1085 372 1148 id
396 1084 464 1147 fieri
475 1085 516 1170 1).
560 1084 619 1146 Ubi
642 1085 753 1148 modus
776 1085 918 1148 adiectus
940 1090 1006 1160 est,
1035 1083 1175 1166 legatum
1203 1085 1305 1146 stetim
1334 1085 1402 1166 peti

85 1219 92 1228 ·
201 1192 325 1269 potest,
356 1186 523 1248 dummodo
554 1185 726 1268 legatarius
758 1185 798 1247 de
830 1184 922 1247 modo
944 1183 1141 1264 adimplendo
1162 1185 1324 1272 8818815).
1370 1185 1403 1249 Si

202 1309 265 1354 non
292 1286 500 1368 adimpleatur
522 1287 650 1363 medus,
678 1285 731 1348 vel
755 1286 928 1368 legatarius
951 1284 1204 1366 adimplendum
1228 1287 1318 1368 cogi,
1347 1286 1404 1348 vel

201 1391 340 1474 legatum
361 1390 463 1468 repeti
487 1391 592 1468 petest
605 1386 647 1471 1).

202 1579 271 1632 TIT.
290 1578 337 1630 111.
365 1577 414 1630 DE
428 1571 686 1636 AOQUISITIONE
699 1571 928 1624 LEGATORUM
940 1571 1012 1622 VEL
1025 1571 1151 1624 RERUM
1162 1569 1405 1626 SINGULARUM

454 1663 523 1713 PER
540 1659 854 1714 Fluurceuutssurd
873 1659 1107 1712 RELIOTARUM
1122 1658 1152 1725 ⁷).

244 1801 275 1881 ξ.
288 1798 358 1863 699.
404 1796 436 1860 Si
460 1795 499 1857 de
519 1794 727 1873 acquisitione
749 1794 847 1876 legati
869 1795 1040 1873 queritur,
1069 1801 1141 1856 aute
1163 1797 1264 1856 omnia
1286 1793 1404 1856 viden-

201 1898 274 1961 dum
296 1901 361 1959 est:
386 1914 424 1958 cn
448 1895 517 1957 dies
540 1895 638 1976 legati
659 1893 817 1956 cesserit?
847 1893 923 1956 Nuus
946 1896 998 1956 die
1019 1895 1151 1958 cedente
1171 1901 1288 1957 tentum
1307 1894 1403 1978 legu-

203 2004 266 2059 tum
290 1999 409 2063 firmum
432 1995 607 2075 efficaxque
629 2001 688 2071 est,
711 1999 743 2056 et
765 1996 920 2077 legatario
942 1995 1086 2057 debetur.

245 2101 276 2180 ξ.
291 2099 360 2162 700.
407 2097 607 2179 Legatoruru,
630 2111 699 2176 quse
721 2113 800 2176 pure
822 2095 875 2158 vel
896 2097 928 2157 iu
950 2095 1031 2158 diem
1052 2101 1172 2158 certum
1193 2097 1303 2160 relicta
1319 2103 1403 2175 sunt,

204 2197 273 2260 dies
295 2197 427 2260 cedebat
449 2198 578 2276 antique
601 2197 726 2276 quidem
750 2197 821 2258 iure
838 2213 884 2258 *ex
911 2198 1019 2259 mertis
1049 2199 1212 2259 testatoris
1241 2203 1404 2278 tempere5

203 2317 262 2379 per
284 2297 389 2380 legem
411 2303 515 2360 sutem
537 2296 658 2377 Papiam
679 2296 841 2377 Peppaeam
866 2315 906 2360 ex
928 2299 1045 2378 apertis
1068 2289 1182 2359 tebulis
1212 2299 1402 2360 testamenti.

203 2399 320 2461 Eccum
343 2416 439 2474 verc,
471 2414 540 2477 que
566 2397 624 2458 sub
647 2397 828 2460 conditione
848 2399 957 2460 relicta
980 2403 1064 2474 sunt,
1089 2415 1159 2460 cum
1181 2398 1319 2460 conditio
1342 2415 1403 2460 ex-

203 2499 319 2561 stiterit
331 2498 373 2584 8).
416 2499 445 2560 Α
466 2497 637 2560 lustiuiunc
657 2499 707 2560 ius
730 2501 890 2578 antiquum
909 2501 1088 2561 restitutum
1112 2497 1222 2584 cst⁰):
1247 2500 1354 2578 itaque
1373 2500 1402 2560 si

201 2617 314 2680 purum
336 2599 475 2681 tegetum
497 2598 641 2661 relictum
667 2604 725 2675 est,
751 2617 791 2660 ex
810 2599 862 2662 die
883 2601 992 2662 mortis
1018 2599 1086 2662 dies
1109 2600 1178 2661 eius
1202 2599 1286 2661 cedit
1296 2599 1344 2680 ¹⁰),
1370 2603 1404 2658 et

201 2701 229 2762 si
252 2705 323 2780 post
343 2717 413 2761 eum
435 2700 516 2761 diem
538 2700 711 2781 legatarius
732 2701 923 2778 decesserit,
952 2701 991 2762 86
1012 2700 1160 2763 heredem
1182 2717 1273 2762 suum
1297 2705 1404 2760 18868-

203 2803 265 2865 iert
286 2797 436 2879 legatum.
479 2797 545 2860 Nec
567 2799 695 2861 heredis
716 2799 811 2864 editio
835 2819 951 2865 morem
971 2802 1110 2864 cessioni
1132 2800 1194 2862 diei
1217 2800 1302 2876 tacit,
1326 2799 1403 2860 licet

203 2899 347 2980 petitioni
370 2896 522 2983 sacratu).

207 3020 405 3032 m

238 3093 265 3159 1)
285 3098 328 3148 Fr.
349 3095 374 3148 1.
391 3095 415 3156 §.
436 3095 460 3148 1.
479 3094 569 3152 D.h.t
999 3146 1005 3154 ,

201 3235 217 3298 ⁵
236 3163 265 3289 25)
284 3165 443 3292 11).)171).
461 3165 505 3234 50,
525 3166 559 3221 17
578 3165 625 3234 (68
642 3167 778 3238 reg.iur.).
796 3173 826 3222 tr.
847 3168 889 3224 15.
908 3167 1092 3236 D.33,1<d0
1110 3165 1296 3238 8881118183).
1315 3163 1400 3220 1886.

235 3306 264 3375 6)
285 3309 327 3362 Fr.
349 3309 391 3364 17.
410 3311 432 3372 ἐ.
451 3309 477 3364 4.
497 3309 528 3363 D.
547 3313 574 3364 18
591 3316 610 3362 t.
710 3309 739 3378 4)
760 3312 803 3362 Fr.
824 3310 865 3365 10.
889 3308 919 3362 D.
938 3309 985 3364 32:

237 3378 265 3445 5)
284 3381 328 3432 Fr.
346 3382 390 3436 40.
409 3383 436 3434 in
456 3386 475 3436 f.
494 3387 525 3436 fr.
544 3382 586 3436 80.
607 3383 639 3432 D.
659 3381 685 3432 h.
699 3389 717 3435 t.

203 3446 214 3464 ’
235 3449 264 3516 6)
283 3453 327 3504 Fr.
347 3452 389 3506 17.
410 3453 432 3513 ἓ.
450 3452 476 3507 4.
496 3452 527 3506 D.
547 3455 573 3504 h.
590 3459 608 3504 t.
629 3469 650 3504 8.
672 3452 696 3504 1.
716 3454 745 3523 0.
764 3452 790 3516 6,
806 3451 843 3506 45
870 3453 917 3518 (68
934 3453 990 3517 bis,
1015 3469 1074 3522 que
1098 3453 1149 3505 sub
1175 3452 1257 3505 medo
1282 3451 1399 3522 relinq.).

202 3538 225 3574 c.
246 3522 271 3574 1.
292 3525 320 3576 0.
338 3525 364 3588 8,
385 3522 420 3576 56
439 3523 486 3590 (68
506 3526 595 3576 donet.
613 3525 661 3575 sub
678 3521 781 3589 modo).

235 3592 264 3658 7)
283 3597 316 3645 D.
334 3595 377 3660 36,
395 3595 420 3648 2.
441 3597 470 3647 0.
487 3595 514 3659 6,
532 3593 566 3648 63
588 3594 708 3664 (quande
727 3596 783 3648 dies
799 3597 852 3660 leg.
873 3595 918 3646 vel
935 3595 1095 3647 fideicomm.
1114 3592 1215 3660 cedat).

236 3662 265 3731 8)
284 3667 375 3730 Verba
399 3666 461 3734 Ulp.
486 3669 514 3719 iu
531 3669 562 3718 fr.
581 3666 678 3718 XXIV.
697 3664 740 3718 31.
778 3667 821 3718 sd
844 3667 886 3718 ius
905 3669 995 3734 Papus
1017 3671 1139 3734 spectant
1163 3667 1196 3718 fr.
1217 3663 1259 3716 10.
1284 3663 1307 3723 ἐ.
1329 3663 1352 3715 1.
1374 3663 1399 3716 2.

202 3740 233 3789 ir.
251 3735 292 3788 12.
314 3735 345 3789 D.
364 3737 442 3802 2113
461 3737 631 3803 (testamenta
650 3735 861 3804 quemadmcd.).

238 3805 267 3872 9)
286 3808 316 3860 0.
333 3824 377 3860 un.
398 3809 421 3870 §-
441 3807 464 3860 1.
485 3808 508 3862 5.
530 3811 558 3862 0.
577 3809 603 3872 6,
623 3807 666 3861 51.
684 3811 726 3860 811.

222 3876 267 3944 10)
285 3881 328 3930 Fr.
348 3879 373 3932 5.
392 3879 415 3940 ᾗ.
436 3879 459 3930 1.
478 3877 509 3946 D.
532 3882 558 3932 h.
581 3885 599 3932 t.
637 3881 704 3933 Sunt
720 3885 811 3930 tumen
830 3879 950 3948 quedem
968 3881 1068 3948 legate,
1093 3881 1250 3948 inquibus,
1277 3879 1401 3946 quemuis

202 3966 267 4018 pure
287 3951 380 4002 relicte
399 3953 458 4014 siut,
476 3957 594 4018 tempore
612 3953 703 4004 mortis
725 3953 858 4003 testatoris
878 3951 935 4004 6188
954 3968 1008 4004 ncn
1027 3953 1111 4016 cedit3
1131 3967 1192 4002 nem
1207 3952 1229 4002 si
1242 3965 1307 4018 pure
1325 3965 1402 4002 usus-

201 4025 304 4074 fructus
323 4024 357 4074 sit
373 4022 479 4088 legatus
498 4025 543 4074 rel
562 4039 625 4076 usus
645 4025 690 4074 vel
705 4023 844 4085 habitatio,
862 4037 950 4089 neque
968 4039 1060 4076 eorum
1077 4024 1135 4074 dies
1153 4027 1215 4074 ente
1234 4021 1335 4072 editam
1353 4021 1403 4074 he-

201 4093 341 4145 reditatem
360 4093 439 4156 cedit,
461 4109 548 4161 neque
568 4094 659 4160 petitio
678 4093 715 4143 sd
733 4093 861 4145 heredem
878 4093 985 4145 transit:
1008 4097 1072 4146 item
1090 4097 1160 4146 siex
1174 4093 1218 4146 618
1236 4094 1402 4145 ususfructus

201 4163 308 4216 relictus
325 4164 371 4214 sit:
390 4171 454 4214 uem
473 4181 533 4214 cum
553 4165 589 4214 86
599 4165 726 4216 heredem
745 4166 801 4214 hec
819 4165 879 4216 iure
896 4181 950 4216 uon
967 4169 1176 4227 transforatum
1193 4167 1292 4216 trustra
1308 4168 1357 4226 est,
1377 4165 1401 4216 si

201 4239 265 4286 ente
284 4235 341 4303 quis
360 4235 430 4286 diem
449 4250 540 4286 eorum
557 4236 654 4286 sedere
676 4235 780 4286 dixerit.
799 4235 842 4286 Fr.
852 4235 877 4286 2.
896 4232 921 4286 3.
943 4232 973 4286 D.
992 4239 1018 4287 h.
1039 4243 1057 4288 t.
1077 4239 1123 4288 cfr.
1141 4237 1222 4288 etiem
1240 4237 1271 4286 ir.
1291 4233 1315 4286 9.
1337 4235 1400 4286 886.

200 4306 233 4357 In
250 4307 280 4357 fr.
301 4321 345 4356 un.
368 4304 391 4364 §-
408 4303 433 4356 2.
453 4303 484 4356 D.
503 4302 529 4368 7,
547 4305 572 4357 3.
608 4307 697 4358 Huius
719 4307 783 4358 iuris
805 4307 873 4358 ratic
899 4307 934 4358 ab
951 4307 1069 4376 Ulpiano
1094 4308 1137 4360 his
1154 4307 1243 4359 verbis
1263 4305 1400 4358 redditur:

204 4381 267 4427 tunc
287 4377 357 4427 euim
376 4376 543 4429 constituitur
561 4380 735 4442 ususfructus,
753 4393 812 4428 cum
831 4377 891 4446 quis
906 4377 961 4428 iem
977 4380 1029 4431 frui
1048 4383 1144 4446 potest.
1174 4378 1228 4430 Otr.
1248 4377 1401 4431 decedens

200 4449 232 4500 fr.
249 4462 293 4498 un.
314 4448 356 4499 cit.
373 4449 402 4500 in
420 4447 527 4516 reliquis
545 4445 584 4506 §§·
602 4449 666 4500 item
685 4446 778 4500 1816.
798 4447 822 4508 1.
843 4447 866 4499 1.
886 4446 910 4500 2.
931 4451 964 4502 D.
986 4451 1012 4502 h.
1031 4454 1051 4501 t.

219 4512 265 4582 11)
283 4517 326 4568 Fr.
344 4515 370 4570 7.
388 4535 427 4585 pr.
447 4517 471 4578 9.
489 4515 567 4570 1-6.
588 4514 619 4570 D.
638 4519 665 4571 h.
683 4523 702 4569 1.
