3098 4966
205 369 257 424 106
527 379 729 420 rsarrrurmrm
747 381 822 420 auara
840 381 944 424 aoaaar
964 382 1085 420 narrari.

70 552 77 572 1
147 596 150 600 Ι
204 508 348 590 imposita
371 512 575 584 evanescunt,
599 512 630 569 et
655 495 826 593 (nisialiud
849 509 1010 589 convenit)
1030 525 1083 570 res
1104 525 1173 571 cum
1195 503 1352 576 fructibus
1373 522 1405 578 et
1453 506 1454 509 '

205 610 287 673 omni
309 624 403 672 cansa
425 608 620 672 restituenda
642 614 702 672 est.
754 608 829 671 Haec
850 610 1001 672 rescissio
1023 610 1152 687 accidit,
1189 615 1315 693 quaties
1347 617 1406 678 sub

206 710 323 772 casuali
343 709 525 772 conditione
553 725 607 771 res
638 709 729 771 nobis
759 710 893 772 alienata
917 710 1038 788 luerat,
1074 711 1173 789 ueluti
1199 716 1227 776 si
1248 733 1327 798 ager
1346 717 1405 778 sub

205 811 278 894 lege
300 813 515 874 commissoris
533 815 672 894 ¹emptus,
697 813 737 874 ob
763 813 900 892 pretium
917 827 979 876 non
993 813 1130 876 solutum
1144 815 1299 896 inemptus
1323 815 1406 902 lit1).

205 911 287 974 Aliis
308 911 341 974 iu
364 913 468 974 causis
490 913 653 976 revocatio
670 912 799 976 dominii
820 916 852 975 in
875 916 1068 995 preteritum
1091 916 1243 979 trahenda
1256 935 1319 979 non
1341 923 1405 979 est:

207 1030 270 1094 quo
294 1029 369 1076 casu
392 1031 444 1076 res
465 1015 534 1076 sine
557 1013 724 1092 fructibus,
748 1015 805 1078 sed
827 1033 897 1082 cum
920 1017 1071 1079 oneribus
1094 1017 1123 1079 ei
1147 1035 1164 1080 a
1188 1017 1280 1080 nobis
1303 1019 1407 1099 impo-

207 1116 277 1178 sitis
304 1116 433 1178 restitui
463 1115 557 1178 debet
568 1115 607 1205 Β).
651 1115 801 1179 Hodierni
835 1117 920 1179 illam
951 1117 1079 1180 dominii
1109 1119 1337 1184 resolutionem
1367 1135 1407 1180 cc

206 1221 298 1278 tuac.-
330 1216 410 1279 banc
436 1232 513 1279 vero
539 1233 579 1279 cc
599 1232 681 1278 nanc
702 1217 862 1298 appellare
886 1225 1133 1280 consueverunt.
1176 1219 1249 1282 llaec
1275 1221 1409 1282 mamare

209 1324 273 1380 tum
298 1317 428 1395 obtinet,
453 1335 523 1380 cum
545 1332 598 1380 res
621 1317 679 1380 sub
702 1320 891 1400 potestativa
915 1319 1096 1382 conditione
1118 1337 1136 1382 a
1158 1319 1248 1382 nobis
1270 1317 1405 1382 alienata

210 1423 287 1480 erat.
903 1426 905 1431 '
1198 1467 1199 1470 ,

251 1522 282 1600 §-
301 1517 373 1582 379.
426 1516 611 1582 Veientibus
642 1519 733 1582 nobis
773 1521 924 1582 amittitur
964 1519 1134 1582 dominium
1177 1517 1409 1582 abalienatione

209 1622 230 1682 i.
256 1637 285 1682 e.
307 1618 475 1681 traditione
494 1625 547 1681 aut
567 1619 794 1683 derelictione:
820 1639 889 1683 nam
913 1620 997 1700 quod
1018 1626 1159 1684 nostrum
1181 1626 1241 1697 est,
1263 1621 1332 1682 sine
1346 1637 1411 1681 vo-

208 1723 329 1784 luntate
351 1725 458 1800 nostra
482 1719 520 1782 ad
543 1719 638 1782 alium
660 1721 825 1782 transferri
850 1737 910 1782 non
931 1725 1047 1800 potest.
1090 1719 1140 1782 Nil
1162 1719 1248 1784 aliud
1278 1725 1327 1782 est
1348 1719 1411 1782 de-

210 1821 346 1898 relictio,
368 1822 429 1884 nisi
441 1821 654 1900 possessionis
675 1823 723 1882 rei
743 1821 870 1884 arnissio
887 1823 988 1884 anime
1005 1821 1172 1884 dominium
1189 1820 1357 1883 abiiciendi
1367 1820 1408 1906 ⁸).

214 1923 290 1986 lude
313 1940 371 2003 pro
394 1920 556 1984 derelictis
582 1939 643 1983 non
667 1921 822 1984 habentur
848 1938 901 1984 res
931 1939 1001 2001 quae
1030 1923 1062 1982 in
1089 1925 1275 2001 tempestate
1304 1920 1410 1996 maris,

193 2026 302 2086 ,navis
336 2020 480 2086 levandae
508 2037 601 2083 causa
628 2021 845 2108 eliciuntur⁴).
898 2019 973 2082 Cum
996 2020 1185 2084 abalienatio
1211 2019 1332 2082 inutilis
1358 2019 1410 2094 sit,

211 2128 237 2188 si
264 2125 406 2188 dominus
436 2123 576 2186 alienare
598 2141 662 2186 non
684 2126 802 2204 possit,
834 2123 893 2185 iem
924 2122 1093 2184 videndum
1117 2128 1166 2184 est
1188 2121 1228 2184 de
1258 2120 1326 2196 bis,
1356 2117 1412 2198 qui

106 2253 111 2263 ,
213 2223 352 2287 alienare
375 2229 508 2306 possunt
532 2224 583 2285 vel
609 2242 682 2286 non.

378 2413 445 2465 TIT.
465 2414 513 2466 IX.
550 2411 684 2476 QUIBUS
704 2413 885 2466 ALIENARE
905 2413 1014 2465 Licet*
1033 2413 1106 2464 VEL
1125 2412 1200 2466 NON
1214 2408 1244 2478 ⁵).

252 2533 282 2613 ξ.
298 2529 370 2594 380.
414 2531 540 2593 Accidit
561 2530 749 2612 aliquando,
774 2535 808 2591 ut
836 2531 889 2610 qui
917 2529 1062 2614 deminus
1088 2531 1146 2606 sit,
1179 2528 1322 2591 alienare
1352 2545 1414 2590 non

213 2632 314 2712 possit
338 2630 382 2715 (v.
397 2633 427 2712 §-
442 2630 544 2718 344),
568 2637 599 2693 et
622 2636 730 2693 eontra
755 2633 808 2711 qui
831 2630 972 2692 dominus
995 2647 1057 2691 nou
1082 2629 1138 2706 sit,
1167 2629 1340 2692 alienandae
1366 2629 1415 2690 rei

214 2737 400 2813 potestatem
431 2731 554 2794 babeat.
597 2733 672 2796 Nam
704 2733 834 2794 maritus
865 2732 972 2794 dotale
1002 2731 1152 2812 predium
1180 2731 1320 2794 alienare
1352 2746 1414 2792 nou

213 2838 330 2915 potest,
356 2833 431 2896 lieet
455 2834 523 2894 eius
546 2833 690 2896 dominus
711 2835 764 2910 sit,
788 2833 928 2896 creditor
947 2834 1181 2916 pignoratitiae,
1202 2833 1256 2912 qui
1271 2831 1415 2893 domnam

214 2951 277 2996 non
303 2939 363 3011 est,
386 2934 542 2996 alienandi
564 2940 751 3014 potestatem
774 2935 877 2997 babet.
923 2934 999 2996 Cum
1021 2935 1061 2997 de
1087 2933 1275 3016 pignoribus
1298 2937 1330 2994 et
1352 2931 1416 3010 by·-

213 3035 357 3116 potbecis
380 3034 531 3098 inferiore
553 3035 624 3099 loco
647 3013 830 3119 diligentius
855 3036 1077 3116 inquirendum
1098 3035 1155 3097 sit:
1187 3033 1239 3096 bic
1266 3049 1329 3094 non
1353 3030 1417 3092 nisi

216 3135 259 3198 de
278 3137 316 3198 iis
340 3136 496 3213 dicemus,
531 3139 584 3218 qui
606 3137 746 3200 alienare
769 3157 831 3200 non
855 3144 1006 3219 possunt:
1041 3138 1062 3198 i.
1086 3155 1114 3198 e.
1139 3135 1333 3207 demerito,
1364 3131 1416 3193 cni

214 3237 366 3318 predium
389 3239 420 3299 in
442 3238 546 3301 dotem
568 3239 671 3302 datum
695 3246 754 3317 est,
777 3239 933 3302 derebus
955 3239 1147 3320 pupillorum
1168 3243 1340 3309 eteorum,
1362 3231 1417 3311 qui

217 3340 249 3400 in
272 3339 542 3416 curatione'sunt,
565 3341 633 3402 sine
656 3341 786 3404 decreto
807 3358 870 3404 non
899 3339 1085 3402 alienandis.
1129 3337 1191 3402 Sed
1212 3337 1343 3417 primum
1364 3331 1417 3417 di-

218 3439 352 3504 cendum
374 3445 441 3516 est,
463 3440 538 3520 quid
562 3442 603 3502 sit
625 3440 682 3504 dos
706 3447 737 3503 et
761 3459 830 3521 qnae
853 3442 915 3502 sint
935 3441 1005 3502 iura
1029 3440 1197 3520 coniugum
1222 3437 1254 3497 in
1279 3433 1416 3497 dotibus.

261 3543 293 3622 §-
305 3539 378 3605 381.
423 3539 488 3604 Dos
511 3543 542 3626 (a
565 3559 669 3624 graeco
690 3541 796 3628 Δως),
819 3543 888 3602 sive
909 3558 962 3603 res
984 3539 1150 3628 uxoriafl),
1174 3535 1297 3600 deliniri
1321 3547 1416 3614 posse

107 3625 108 3628 ¹
217 3639 355 3716 videtur,
382 3639 535 3721 quidquid
558 3659 575 3702 a
596 3645 684 3722 perte
706 3639 848 3702 mulieris
872 3641 983 3703 marite
1004 3639 1141 3701 insertur
1153 3636 1192 3699 ad
1206 3633 1335 3708 ferenda
1348 3651 1418 3694 ma-

214 3761 411 3774 m

250 3845 279 3911 1)
298 3847 341 3898 nr.
361 3846 386 3898 e.
405 3845 428 3906 a.
448 3847 472 3900 1.
489 3850 522 3900 n.
543 3845 586 3912 18,
606 3847 620 3899 1
643 3846 690 3910 (ea
709 3855 778 3902 eane
800 3844 899 3917 emp).
917 3851 948 3900 n.
968 3845 994 3899 4.
1014 3845 1037 3906 a.
1057 3844 1083 3898 t.
1102 3847 1133 3896 n.
1154 3842 1196 3896 16.
1216 3843 1250 3893 u.
1270 3800 1351 3904 1e‚'a
1371 3836 1418 3906 (aa
1540 3829 1542 3893 j

214 3920 242 3969 in
261 3918 332 3968 diem
351 3919 436 3984 add).
467 3923 499 3971 fr.
517 3917 542 3971 4.
562 3919 585 3979 ἓ.
603 3918 628 3971 4.
646 3924 678 3972 fr.
698 3919 722 3973 5.
741 3923 775 3972 D.
797 3919 838 3990 18,
857 3919 873 3972 3
894 3917 940 3986 (da
959 3919 1011 3986 leg.
1032 3913 1148 3981 comm).
1172 3914 1251 3967 Radit
1271 3911 1418 3963 dominium

214 3991 271 4056 ipso
290 3991 355 4052 iure,
371 3991 474 4044 fruetus
491 3992 592 4044 interea
610 3993 728 4059 percepti
745 3993 773 4044 in
792 4008 936 4058 personam
954 3993 1058 4054 actione
1076 3992 1240 4055 repetuntur.

164 4121 168 4125 .
250 4057 277 4126 2)
297 4061 456 4128 Exemplum
475 4064 552 4114 infr.
572 4062 596 4115 3.
616 4065 644 4114 in
662 4067 680 4116 f.
699 4067 733 4115 D.
752 4063 795 4126 20,
814 4062 830 4114 6
849 4059 898 4129 (tit.
922 4059 985 4126 cit).
1003 4065 1034 4114 fr.
1053 4060 1078 4112 6.
1097 4061 1130 4110 D.
1141 4056 1184 4122 18,
1202 4054 1219 4110 5
1238 4053 1285 4122 (de
1302 4052 1418 4108 mactat.

214 4129 317 4198 vend).
338 4149 361 4182 c.
376 4133 400 4184 2.
420 4131 445 4183 4.
466 4135 494 4187 (t.
512 4132 540 4199 4,
561 4132 595 4187 54
614 4131 662 4201 (tit.
682 4135 746 4201 cit).
780 4135 933 4186 Dominium
956 4134 1015 4200 ipso
1032 4133 1091 4184 iure
1109 4147 1164 4182 uon
1183 4129 1260 4192 radit,
1278 4126 1326 4179 aad
1345 4130 1419 4178 tene

216 4219 274 4253 mur
294 4203 331 4257 ad
349 4219 405 4254 rem
424 4206 506 4256 ueteri
526 4207 632 4258 domiuo
647 4206 845 4259 retrudendam.

251 4269 285 4338 3)
305 4277 349 4414 Fr).
369 4273 410 4328 17.
436 4276 460 4337 ἓ.
482 4276 506 4329 1.
534 4280 567 4329 D.
585 4275 671 4341 41,2
696 4276 743 4345 (da
766 4293 825 4346 neq.
851 4278 894 4328 vel
913 4277 995 4328 amitt.
1016 4269 1108 4339 poss).
1133 4271 1156 4332 §-
1172 4267 1215 4322 47.
1240 4269 1261 4320 I·
1281 4264 1342 4330 a,1
1369 4262 1418 4330 (d0

215 4360 264 4397 rar.
283 4347 356 4398 div..
705 4361 707 4369 ’

249 4412 277 4482 4)
296 4418 319 4476 §-
335 4415 361 4469 4.
376 4415 400 4468 8.
423 4419 443 4469 1.
463 4419 490 4470 h.
509 4424 526 4470 t.
629 4415 657 4484 5)
677 4419 698 4468 Ι.
720 4417 746 4480 2,
766 4417 791 4470 8.
812 4417 872 4469 Gai.
891 4417 915 4469 2.
935 4415 957 4475 ἓ.
979 4412 1092 4468 62-64.
1111 4409 1226 4467 80-85.
1296 4418 1299 4424 “

217 4486 356 4618 ἐ634128.
368 4487 422 4609 223,
448 4487 465 4540 3
490 4486 537 4555 (de
560 4487 617 4540 iure
642 4485 763 4552 dotium).
806 4488 872 4541 Ood.
904 4485 936 4551 b,
953 4485 994 4538 12.
1031 4487 1093 4552 Ulp.
1113 4487 1150 4536 tit.
1169 4483 1194 4535 6.
1231 4483 1292 4534 Vat.
1311 4481 1420 4541 sragm.
