3082 4976
631 363 822 404 rxrxooucrro.
1295 355 1330 412 17

172 498 233 562 Sed
254 498 286 560 id
310 500 419 560 evenit
441 500 473 559 in
497 498 544 560 his
568 503 704 578 quatuor
725 496 792 558 lere
814 493 952 572 seculis,
980 501 1014 556 ut
1034 496 1083 558 ius
1106 497 1138 558 in
1160 499 1236 559 artis
1261 497 1330 562 lor-

127 617 209 662 maru
231 599 447 680 redigeretur,
472 605 503 660 et
525 599 761 660 accuratissime
784 601 816 658 et
832 581 1074 688 diligentissime
1096 615 1113 658 a
1135 594 1278 677 plurimis
1299 605 1331 661 et

127 701 328 783 gravissimis
351 701 430 762 viris
452 699 665 775 excoleretur,
689 697 767 760 adeo
782 697 919 777 quidem,
943 697 1329 780 utiurisprudentiaopud

127 801 285 864 Romanos
308 801 347 863 ad
373 805 491 862 tantum
512 799 645 862 culture
669 799 829 880 fastigium
852 799 1053 881 pervenerit,
1077 804 1227 878 quantum
1247 795 1330 878 apud

126 900 250 962 nullum
274 917 410 981 unquam
433 900 529 962 alium
550 898 699 981 populum
719 916 785 960 eam
808 899 953 980 attigisse
976 897 1132 982 videmus.
1156 909 1159 915 '

172 1001 264 1083 §.bd
310 1001 373 1063 lenr'
397 1000 559 1079 Ciceronis
582 1007 723 1080 tompore
746 997 840 1062 Roma
864 1001 960 1061 totius
981 1005 1136 1061 terrarum
1159 999 1246 1062 orbis
1269 999 1331 1063 do-

126 1103 288 1179 minatrix,
314 1101 483 1164 discordiis
505 1101 608 1177 sessa,
632 1101 779 1163 libertate
812 1117 867 1163 sna
891 1099 1051 1177 destituta,
1073 1103 1246 1180 potentium
1269 1102 1331 1162 im·

126 1204 220 1282 perio
241 1203 418 1264 succubuit.
473 1203 682 1284 imperatores
711 1181 932 1281 nonnunquam
963 1218 1080 1262 summa
1108 1199 1264 1281 probitate
1295 1217 1332 1262 ac

127 1302 302 1383 prudentia
323 1303 547 1384 rempublicam
568 1302 797 1385 gubernabant,
819 1303 989 1382 sepissime
1017 1307 1119 1364 autem
1142 1303 1280 1382 pessime
1302 1307 1335 1364 et

24 1463 27 1470 ,
126 1401 351 1464 crudelissime
372 1405 558 1486 regnabant,
585 1409 616 1464 et
635 1405 759 1496 imperii
782 1401 955 1483 populique
982 1401 1136 1464 excidium
1168 1403 1332 1464 accelera-

125 1501 213 1564 bant.
258 1501 396 1584 Populus
416 1505 483 1584 ipse
504 1504 731 1587 degeneravit,
765 1503 889 1565 luxuria
917 1508 1023 1580 aucta,
1048 1503 1183 1582 antique
1206 1503 1332 1566 virtutis

125 1604 246 1666 robore
275 1606 449 1687 exstincto,
473 1623 564 1668 omne
588 1605 737 1666 vitiorum
761 1621 864 1686 genus
891 1620 1053 1668 romanum
1086 1621 1199 1666 nomen
1221 1604 1331 1683 inqui-

126 1705 229 1768 navit.
278 1703 389 1767 Fracta
413 1712 516 1770 autem
543 1705 678 1780 virtute,
711 1704 916 1767 fortissimum
946 1703 1130 1786 reipublice
1153 1703 1331 1785 presidium

127 1804 303 1866 detractum
319 1806 359 1893 ¹).-

172 1905 266 1986 §.b‘t
308 1906 405 1968 Artes
428 1913 531 1968 tamen
556 1913 587 1969 et
610 1907 709 1968 omnis
736 1905 805 1968 fere
836 1907 965 1988 generis
995 1906 1177 1988 disciplinas
1211 1909 1333 1970 interea

128 2005 262 2068 Romani
286 2003 393 2066 colere
417 2013 598 2087 ceperunt,
632 2023 750 2086 casque
772 2008 944 2086 precipue,
968 2023 1037 2086 que
1058 2025 1127 2070 cum
1150 2007 1259 2088 populi
1281 2009 1333 2068 in-

128 2107 227 2192 genio
255 2107 489 2188 congruebant,
526 2125 668 2188 quasque
698 2096 800 2168 libere
831 2106 971 2187 profiteri
1001 2107 1059 2169 sub
1091 2107 1333 2188 imperatoribus

128 2205 255 2268 licebat.
300 2205 335 2267 ln
359 2205 407 2268 his
429 2209 508 2269 iuris
532 2207 634 2270 civilis
657 2209 788 2270 maxime
812 2209 927 2288 privati
949 2209 1079 2271 scientia
1098 2227 1170 2271 mox
1191 2208 1332 2290 reliquos

129 2325 240 2370 omnes
264 2310 437 2387 superavit.
482 2307 589 2370 Gloria
612 2325 727 2370 summa
751 2325 935 2391 magnorum
957 2309 1097 2371 virorum
1120 2311 1151 2370 in
1170 2310 1249 2371 iuris
1272 2327 1333 2390 pe-

129 2409 202 2489 ritia
222 2409 335 2488 posita.
379 2406 508 2470 Romani
542 2410 590 2487 ius
621 2425 711 2471 suum
735 2427 855 2472 summo
875 2410 1003 2472 lervorc
1032 2411 1332 2492 complectebantur,

131 2509 254 2571 veteris
278 2507 435 2570 libertatis
459 2509 567 2571 decus.
613 2509 746 2591 Operam
776 2510 1029 2591 iurisprudentes
1060 2529 1123 2574 non
1153 2517 1271 2573 tantum
1301 2512 1333 2572 in

133 2611 239 2672 causis
264 2609 391 2672 orandis
413 2616 598 2689 posuerunt,
621 2611 677 2674 sed
691 2614 769 2673 miro
791 2611 924 2692 quodam
947 2612 1042 2674 studii
1056 2611 1182 2674 stimulo
1204 2614 1335 2690 incitati,

131 2709 166 2772 id
190 2709 372 2785 tendebant,
397 2711 494 2772 utius
517 2709 612 2773 civile
634 2713 763 2794 ingenio
776 2729 834 2774 suo
856 2711 1043 2796 adiuvarent
1065 2718 1096 2775 ct
1111 2712 1335 2793 iurispruden-

92 2819 96 2825 ’
131 2811 208 2872 tiem
232 2816 291 2872 tam
317 2809 472 2888 docendo,
495 2829 586 2892 quam
608 2813 778 2876 scribendo
798 2819 954 2896 augerent
975 2819 1006 2876 et
1030 2820 1190 2878 ornarent.
1245 2812 1336 2876 Gre-

133 2929 243 2974 coxum
257 2909 455 2992 philosophia
472 2911 663 2994 litterisque,
687 2919 719 2976 et
735 2915 870 2976 omnium
892 2916 1004 2977 artium
1028 2915 1230 2980 honestarum
1254 2931 1336 2996 cog-

133 3013 256 3076 nitione
287 3012 420 3096 imbuti,
434 3013 473 3074 ad
488 3029 567 3093 opus
591 3031 663 3076 sese
689 3014 900 3092 contulerunt,
923 3014 1033 3076 subtili
1046 3014 1187 3097 ingenio,
1207 3015 1243 3076 'in
1266 3021 1334 3076 arte

131 3119 185 3178 ius
208 3112 417 3194 componendi
449 3119 481 3175 et
502 3114 672 3178 artificiose
694 3115 906 3196 pertractandi
928 3116 1152 3191 versatissimi,
1181 3101 1336 3198 singulari

133 3215 283 3278 methodo
305 3214 475 3295 pollentes,
500 3215 652 3278 doctrine
676 3217 792 3278 lumina
814 3219 845 3279 in
867 3235 974 3279 omnes
998 3233 1050 3278 res
1073 3216 1282 3296 quotidianas,
1304 3215 1337 3277 in

134 3315 269 3378 mediam
295 3318 385 3395 quasi
397 3317 493 3379 vitam
515 3317 683 3393 inferendi,
709 3317 816 3399 legum
833 3323 1017 3400 argumenta
1032 3317 1213 3420 acutissime
1235 3317 1337 3377 inter-

134 3415 281 3498 pretandi
303 3421 335 3478 et
357 3435 397 3478 cx
419 3416 509 3480 lactis
535 3437 571 3480 ac
593 3417 818 3498 questionibus
833 3418 1029 3500 gravissimis
1054 3415 1233 3478 illustrandi
1241 3433 1250 3489 ;
1274 3433 1336 3495 quo

135 3516 345 3594 factumest,
376 3523 410 3578 ut
443 3537 534 3581 omne
568 3521 618 3581 ius
646 3509 904 3599 iurisprudentie
928 3517 1078 3580 cancellis
1110 3517 1336 3590 contineretur,

136 3615 284 3696 adeoque
309 3635 347 3680 co
371 3618 536 3682 nobilitato
550 3605 582 3681 in
603 3619 728 3682 iudiciis
754 3625 785 3682 et
808 3618 1063 3700 quotidiano‘usu
1085 3616 1152 3679 sola
1166 3618 1244 3679 iuris
1260 3633 1338 3697 per-

135 3715 219 3778 lecta
242 3702 384 3795 scientio,
407 3737 483 3782 vera
505 3720 570 3782 hec
587 3739 638 3783 ars
652 3721 726 3783 boni
743 3725 774 3782 et
795 3721 888 3801 eqni,
905 3737 1043 3802 regnare
1056 3717 1230 3780 videretur.
1259 3715 1337 3779 Dis-

136 3817 235 3898 cipuli
264 3821 432 3902 magistros
457 3837 628 3900 superare,
652 3820 952 3902 etiurisprudentia
975 3819 1138 3900 usquead
1162 3817 1335 3880 Alexandri

136 3917 251 3982 Severi
273 3923 437 4002 tempora,
471 3922 509 3984 ab
540 3923 781 4003 imperatoribus
811 3920 997 4002 quibusdam
1020 3919 1135 3995 adiuta,
1156 3935 1282 4004 semper
1303 3917 1336 3978 in

136 4017 232 4081 altius
258 4026 368 4083 evecta
390 4027 449 4084 cst.
505 4021 570 4085 Soli
594 4021 662 4103 lere
684 4020 906 4084 Iurisconsulti
937 4020 1057 4104 lingue
1079 4019 1184 4082 latine
1207 4017 1338 4079 urbani-

136 4123 231 4181 tatem
255 4121 488 4184 conservabant
516 4139 575 4202 per
603 4121 683 4184 banc
704 4127 843 4202 etatem,
873 4137 941 4184 cum
963 4119 1103 4201 undique
1127 4118 1240 4180 iamin
1262 4116 1339 4180 orbe

136 4237 267 4283 romano
289 4220 451 4284 barbaries
476 4223 616 4304 grassari
636 4223 783 4304 cepisset
796 4221 837 4306 2).

174 4404 202 4471 1)
220 4405 339 4456 Mirabili
358 4409 415 4455 erte
445 4405 515 4456 hauc
533 4405 688 4470 reipublice
707 4403 910 4456 couversionem
931 4404 1053 4470 depinxit
1070 4401 1178 4456 Tacitus
1199 4399 1337 4452 indonet.

137 4477 184 4528 lib.
202 4479 225 4528 1.
244 4475 269 4526 1.
307 4474 421 4529 Hclta’or
440 4474 463 4535 ἓ.
476 4471 645 4528 deo-mo·

172 4543 200 4614 2)
221 4547 275 4598 Oia.
293 4547 324 4598 L.
349 4546 443 4612 Vallo,
462 4545 534 4598 lib-3
554 4547 587 4599 de
607 4547 869 4614 excaecatumque
889 4539 1320 4603 latine.Holtioo§.'618-635.

1138 4636 1155 4688 δ
