3098 4966
200 340 253 394 100
528 349 727 388 altsttwttom
748 351 823 388 wll!
842 349 945 388 loun
963 353 1081 394 rstvatt.

202 477 369 542 solutionis
401 481 522 556 tempus
555 479 738 558 inspicitur,
771 481 802 540 in
834 481 1001 559 emptionis
1034 497 1128 544 causa
1159 487 1191 542 et
1220 486 1398 544 contractus

201 584 323 658 tempus
347 583 378 638 et
400 577 444 653 id,
466 594 528 657 quo
550 568 701 641 solvitur,

136 749 152 759 ,
248 687 277 764 ξ.
291 681 364 748 357.
409 680 544 760 Tempus
565 683 767 762 usucapionis
790 683 843 744 vei
865 682 952 764 longi
975 685 1123 764 temporis
1144 682 1399 764 prescriptionis,

204 787 236 846 in
259 783 355 845 rebus
371 781 539 844 mobilibus
564 788 614 844 est
636 783 740 860 trium,
763 785 794 844 in
817 783 914 845 rebus
936 783 997 845 soli
1017 784 1124 846 decem
1145 801 1295 846 annorum
1318 784 1401 844 iuter

201 890 386 967 presentes,
410 883 524 963 viginti
544 885 627 944 inter
650 883 798 945 absentes
812 886 850 970 ¹).
894 885 927 952 si
944 886 1015 963 quis
1032 886 1143 966 partim
1157 884 1399 952 interabsentes

202 984 394 1068 possederit,
418 985 528 1063 partim
546 984 628 1045 inter
641 992 824 1064 presentes,
845 986 911 1048 beo
926 987 1116 1066 computatio
1131 987 1174 1062 iit,
1197 993 1232 1047 ut
1247 985 1309 1048 duo
1328 985 1399 1048 anni

200 1090 283 1148 inter
304 1084 452 1146 absentes
473 1101 531 1162 pro
551 1099 613 1145 uno
637 1103 718 1147 anno
743 1087 826 1146 inter
845 1092 1018 1165 presentes
1041 1089 1236 1166 accipiantur
1250 1086 1289 1172 ²).

243 1187 402 1248 Absentes
427 1191 516 1262 sunt,
549 1188 658 1265 quiin
687 1187 824 1249 diversis
853 1189 1027 1266 provinciis
1055 1187 1245 1250 domicilium
1274 1187 1399 1248 habent.

207 1289 240 1350 in
263 1289 467 1368 usucapionis
489 1292 630 1366 tempore
652 1287 810 1352 metiendo
831 1287 959 1348 ultimus
973 1287 1041 1350 dies
1057 1295 1177 1368 coeptus
1193 1288 1328 1349 babetur
1342 1303 1400 1367 pro

201 1389 380 1474 impletc⁸).
426 1386 503 1448 inde
523 1385 567 1462 lit,
591 1393 636 1462 ut,
660 1388 800 1450 etiamsi
823 1388 947 1450 minimo
971 1393 1126 1450 momento
1149 1389 1313 1450 novissimi
1337 1386 1400 1448 diei

201 1507 349 1574 possessa
376 1489 417 1550 sit
438 1505 511 1563 res,
535 1487 737 1550 nihilominus
760 1487 927 1568 impleatur
949 1490 1117 1569 usucapio,
1141 1505 1201 1552 uec
1227 1494 1311 1550 totus
1332 1487 1400 1549 dies
1433 1539 1439 1545 .
1541 1553 1542 1558 ἵ

201 1596 348 1675 exigatur
372 1589 622 1669 adimplendum
649 1589 824 1672 legitimum
846 1595 978 1670 tempus.

150 1751 155 1758 ,
243 1697 273 1774 §-
288 1690 359 1757 358.
404 1689 515 1768 Neque
539 1695 638 1750 lernen
661 1691 876 1752 necessarium
898 1696 957 1766 est,
980 1695 1014 1750 ut
1036 1689 1296 1770 usucapiensper
1310 1706 1400 1750 omne

161 1797 164 1802 ’
203 1801 324 1873 tempus
355 1793 424 1870 ipse
452 1808 517 1850 rem
546 1789 741 1868 possederim
776 1808 845 1851 nam
876 1792 1026 1871 temporis
1055 1791 1196 1852 accessio
1230 1790 1400 1852 novissimo

203 1898 273 1957 iure
296 1892 398 1955 locum
420 1891 514 1952 babet
536 1891 568 1950 in
589 1891 793 1970 usucapione,
817 1893 859 1952 ila
881 1897 916 1951 ut
938 1893 1098 1971 possessio
1121 1889 1260 1952 defuncti
1280 1890 1401 1964 benedi,

203 2002 235 2057 at
256 1993 394 2056 auctoris
418 1991 564 2069 sequenti
590 1991 636 2051 rei
661 1993 840 2070 possessori
863 1992 1054 2074 adiungatur
1065 1991 1109 2072 ⁴);
1142 1997 1277 2070 uterque
1298 1995 1401 2052 autem

203 2099 236 2157 in
258 2092 412 2156 eiusmodi
443 2107 535 2152 causa
566 2091 703 2152 civiliter
726 2092 894 2172 possidere
925 2111 990 2154 rem
1020 2092 1123 2154 debet.
1169 2091 1269 2154 Heres
1299 2097 1400 2153 tamen

202 2193 424 2269 nihilominus,
456 2194 601 2272 quoniam
624 2211 684 2254 una
707 2211 777 2256 eum
800 2183 950 2259 defuneto
972 2211 1105 2274 persona
1140 2211 1212 2256 esse
1240 2198 1400 2267 censetur,

201 2299 292 2359 etiam
309 2311 486 2374 usucapere
501 2311 539 2356 ex
554 2311 610 2355 sua
624 2293 831 2374 defunctique
843 2297 1046 2375 possessione
1059 2299 1174 2374 potest,
1191 2297 1217 2355 si
1227 2292 1400 2354 defunctus
1447 2344 1452 2348 .

190 2396 442 2460 ·tantumbonum
455 2395 576 2456 initium
589 2394 696 2456 habuit
715 2397 774 2457 i.e.
798 2396 826 2456 si
845 2394 998 2464 bonafide
1021 2394 1184 2476 possidere
1207 2399 1348 2474 ceperat
1361 2391 1400 2479 t),

240 2497 355 2581 §.aaa
400 2495 535 2576 Usucapi
556 2501 659 2558 autem
690 2497 741 2557 vel
771 2495 868 2577 longo
892 2501 1032 2576 ternpore
1063 2495 1154 2558 nobis
1181 2495 1303 2574 acquiri
1333 2509 1396 2556 non

199 2605 332 2683 possunt
353 2614 404 2658 res
430 2596 555 2658 iurtivae
580 2601 611 2657 et
639 2597 670 2656 vi
694 2613 861 2677 possesse.
907 2595 1034 2660 Furtiva
1059 2597 1192 2658 babetur
1220 2597 1319 2658 omnis
1344 2611 1397 2656 res

201 2700 325 2764 mobilis
349 2697 467 2772 aliena,
492 2696 570 2758 mala
597 2695 658 2758 tide
682 2697 828 2759 alienata.
873 2696 961 2770 Quod
990 2703 1096 2768 autem,
1117 2695 1232 2758 dictum
1256 2700 1304 2758 est
1327 2693 1398 2756 sur-

201 2803 336 2864 tivarum
358 2814 464 2858 nerum
493 2801 524 2857 et
552 2798 583 2857 vi
606 2814 825 2877 possessarum
847 2799 1070 2879 usucapionem
1093 2817 1151 2878 per
1174 2798 1264 2880 leges
1285 2796 1398 2876 probi-

200 2903 295 2963 bitam
320 2915 403 2973 esse,
428 2914 491 2958 non
515 2915 553 2958 eo
575 2899 722 2976 pertinet,
745 2904 840 2959 utne
862 2899 931 2978 ipse
954 2899 1015 2975 l'ur,
1037 2900 1134 2979 quive
1155 2917 1213 2978 per
1234 2900 1296 2960 vim
1319 2915 1398 2978 pos-

202 3001 296 3076 sidet,
321 3015 497 3078 usucapere
518 2998 633 3077 possit,
661 3016 730 3061 nam
758 3000 805 3060 his
828 2999 885 3061 alia
909 3001 1029 3062 ratione
1051 3001 1203 3080 usucapio
1225 3017 1287 3062 non
1309 3017 1398 3062 oom-

202 3103 292 3184 petit,
313 3100 386 3179 quia
413 3098 535 3160 scilieet
547 3097 626 3160 mala
642 3099 703 3162 lide
718 3101 883 3182 possident
891 3119 900 3175 3
923 3101 980 3163 sed
1002 3119 1042 3162 ne
1063 3101 1147 3162 ullus
1171 3101 1263 3178 alius,
1285 3117 1398 3180 quam-

202 3206 252 3265 vis
278 3202 315 3264 ab
340 3201 385 3261 eis
410 3199 489 3260 bona
512 3199 572 3261 fide
595 3202 706 3262 emerit
728 3200 780 3262 vel
803 3219 842 3262 ex
867 3200 927 3264 alia
950 3219 1043 3264 causa
1072 3203 1248 3282 acceperit,
1278 3217 1397 3264 usuca-

200 3301 307 3386 piendi
328 3302 377 3362 ius
402 3299 524 3361 babeat.
570 3300 658 3362 Unde
683 3302 715 3362 in
739 3301 835 3363 rebus
858 3301 1026 3364 mobilibus
1050 3319 1113 3365 non
1136 3302 1229 3364 facile
1244 3300 1398 3382 procedit,

201 3411 235 3466 ut
255 3404 347 3466 bone
368 3399 441 3462 fidei
465 3402 644 3480 possessori
665 3403 816 3482 usucapio
840 3408 1013 3482 competat:
1037 3419 1106 3464 nam
1119 3403 1318 3482 quialieuam
1331 3418 1397 3463 rem

202 3505 308 3568 sciens
331 3499 473 3562 vendidit
496 3499 548 3561 vel
572 3500 694 3562 exalia
717 3519 811 3564 causa
831 3502 970 3579 tradidit,
994 3504 1109 3564 furtum
1133 3506 1203 3565 eius
1225 3502 1397 3566 committit.

204 3603 265 3668 Sed
288 3607 391 3664 tamen
412 3602 443 3662 id
467 3600 636 3680 aliquando
660 3601 752 3662 aliter
775 3619 811 3664 se
838 3603 950 3678 babet3
985 3622 1054 3666 nam
1078 3606 1105 3666 si
1129 3605 1222 3678 heres
1245 3621 1311 3667 rent
1339 3601 1399 3664 de-

200 3705 307 3766 functe
331 3701 564 3776 commodatam,
588 3707 642 3762 aut
665 3701 798 3765 locatam
821 3703 873 3765 vel
897 3703 978 3784 apud
991 3721 1061 3766 eum
1084 3704 1269 3784 depositam,
1284 3704 1398 3765 existi-

202 3821 288 3868 mans
310 3821 378 3866 cam
401 3819 473 3864 esse
494 3802 734 3882 hereditariam,
759 3803 838 3865 bona
861 3803 922 3866 lide
945 3807 1110 3886 accipienti
1131 3805 1321 3881 vendiderit,
1347 3811 1401 3867 aut

202 3905 369 3970 donaverit
390 3909 443 3964 aut
464 3903 545 3966 dotis
565 3906 691 3967 nomine
712 3905 845 3983 dederit,
872 3908 948 3987 quin
969 3909 1013 3984 is,
1040 3909 1093 3988 qui
1116 3907 1291 3988 acceperit,
1319 3923 1399 3968 usu-

153 4012 156 4023 “
196 4024 317 4087 ·capere
338 4004 449 4086 possit,
473 4003 600 4066 dubium
622 4023 684 4067 non
708 4011 768 4083 est,
794 4007 910 4087 quippe
929 4023 1056 4070 cumea
1075 4024 1128 4068 res
1146 4009 1177 4068 in
1195 4005 1270 4068 lurti
1290 4005 1399 4066 vitium

198 4156 396 4173 *σου-*ὺ-

237 4242 265 4309 1)
286 4245 315 4296 O.
335 4260 379 4294 un.
400 4244 429 4294 Ο.
448 4241 473 4306 7,
493 4243 526 4296 31
547 4243 594 4310 (de
611 4219 724 4314 usucap.
741 4242 853 4314 transi).
873 4263 895 4300 c.
915 4249 957 4302 12.
978 4247 1006 4300 0.
1025 4247 1051 4313 7,
1070 4247 1105 4301 33
1123 4248 1160 4316 (h.
1181 4241 1220 4313 t).

234 4315 263 4383 2)
284 4317 351 4368 Nor.
369 4315 429 4369 119.
449 4333 472 4366 o.
490 4315 515 4367 8.

235 4385 263 4454 3)
282 4388 325 4438 Fr.
344 4386 369 4438 6.
390 4384 415 4438 7.
436 4389 470 4436 D.
492 4389 519 4438 h.
537 4393 555 4438 t.
577 4391 608 4439 fr.
627 4386 669 4440 15.
688 4407 727 4455 pr.
746 4390 778 4440 D.
797 4389 841 4453 44,
859 4389 875 4441 3
895 4389 942 4456 (de
963 4392 1015 4442 div.
1033 4395 1112 4458 temp.
1132 4383 1257 4458 pressam).

232 4455 262 4596 ἓξ
283 4459 309 4590 ξ.
325 4458 370 4582 ἒξ.
386 4456 482 4583 Ι13.11Ι.ι
494 4459 520 4510 h,
539 4465 556 4511 t.
576 4462 608 4511 ir.
631 4459 673 4512 13.
692 4460 715 4519 ἓ.
734 4459 830 4513 1-13,
849 4464 881 4511 D.
902 4460 947 4528 41,
966 4463 982 4516 2
1001 4461 1047 4530 (de
1069 4479 1128 4530 aeq.
1145 4465 1190 4515 vsi
1204 4461 1287 4511 amitt.
1307 4454 1400 4526 poss).
