<?xml version="1.0" encoding="UTF-8"?>
<!DOCTYPE html PUBLIC "-//W3C//DTD XHTML 1.0 Transitional//EN"
    "http://www.w3.org/TR/xhtml1/DTD/xhtml1-transitional.dtd">
<html xmlns="http://www.w3.org/1999/xhtml" xml:lang="en" lang="en">
 <head>
  <title>
</title>
<meta http-equiv="Content-Type" content="text/html;charset=utf-8" />
  <meta name='ocr-system' content='tesseract 3.04.00' />
  <meta name='ocr-capabilities' content='ocr_page ocr_carea ocr_par ocr_line ocrx_word'/>
</head>
<body>
  <div class='ocr_page' id='page_1' title='image "./institutionesiu01warngoog_0226.png"; bbox 0 0 3064 4966; ppageno 0'>
   <div class='ocr_carea' id='block_1_1' title="bbox 531 337 1327 395">
    <p class='ocr_par' dir='ltr' id='par_1_1' title="bbox 531 337 1327 395">
     <span class='ocr_line' id='line_1_1' title="bbox 531 337 1327 395; baseline -0.005 -7"><span class='ocrx_word' id='word_1_1' title='bbox 531 350 613 388; x_wconf 76' lang='lat' dir='ltr'><strong>ornan</strong></span> <span class='ocrx_word' id='word_1_2' title='bbox 633 349 663 388; x_wconf 86' lang='lat' dir='ltr'><strong>rr.</strong></span> <span class='ocrx_word' id='word_1_3' title='bbox 683 349 750 388; x_wconf 76' lang='lat' dir='ltr'><strong>rans</strong></span> <span class='ocrx_word' id='word_1_4' title='bbox 770 349 800 388; x_wconf 92' lang='grc' dir='ltr'><strong>ιι.</strong></span> <span class='ocrx_word' id='word_1_5' title='bbox 822 349 880 388; x_wconf 77' lang='lat' dir='ltr'><strong>err.</strong></span> <span class='ocrx_word' id='word_1_6' title='bbox 899 349 926 386; x_wconf 84' lang='lat' dir='ltr'><strong>v.</strong></span> <span class='ocrx_word' id='word_1_7' title='bbox 1274 337 1327 395; x_wconf 74' lang='lat'><strong>207</strong></span> 
     </span>
    </p>
   </div>
   <div class='ocr_carea' id='block_1_2' title="bbox 120 478 1337 3888">
    <p class='ocr_par' dir='ltr' id='par_1_2' title="bbox 120 478 1327 1172">
     <span class='ocr_line' id='line_1_2' title="bbox 121 478 1327 564; baseline -0.005 -17"><span class='ocrx_word' id='word_1_8' title='bbox 121 485 154 547; x_wconf 82' lang='lat' dir='ltr'><strong>ei</strong></span> <span class='ocrx_word' id='word_1_9' title='bbox 176 499 249 548; x_wconf 81' lang='lat' dir='ltr'><strong>esse</strong></span> <span class='ocrx_word' id='word_1_10' title='bbox 272 485 383 564; x_wconf 83' lang='lat' dir='ltr'><strong>possit.</strong></span> <span class='ocrx_word' id='word_1_11' title='bbox 404 478 501 543; x_wconf 76' lang='lat' dir='ltr'><strong>&#39;iliae</strong></span> <span class='ocrx_word' id='word_1_12' title='bbox 530 487 641 562; x_wconf 86' lang='lat' dir='ltr'><strong>quarta</strong></span> <span class='ocrx_word' id='word_1_13' title='bbox 672 479 808 542; x_wconf 78' lang='lat' dir='ltr'><strong>Falcidia</strong></span> <span class='ocrx_word' id='word_1_14' title='bbox 837 481 1024 564; x_wconf 80' lang='lat' dir='ltr'><strong>vocarur1).</strong></span> <span class='ocrx_word' id='word_1_15' title='bbox 1068 481 1100 543; x_wconf 84' lang='lat' dir='ltr'><strong>Si</strong></span> <span class='ocrx_word' id='word_1_16' title='bbox 1122 479 1231 559; x_wconf 84' lang='lat' dir='ltr'><strong>plures</strong></span> <span class='ocrx_word' id='word_1_17' title='bbox 1253 487 1327 544; x_wconf 85' lang='lat' dir='ltr'><strong>sunt</strong></span> 
     </span>
     <span class='ocr_line' id='line_1_3' title="bbox 122 579 1323 666; baseline -0.004 -19"><span class='ocrx_word' id='word_1_18' title='bbox 122 585 271 660; x_wconf 86' lang='lat' dir='ltr'><strong>heredes,</strong></span> <span class='ocrx_word' id='word_1_19' title='bbox 295 585 327 644; x_wconf 92' lang='lat' dir='ltr'><strong>in</strong></span> <span class='ocrx_word' id='word_1_20' title='bbox 349 581 485 664; x_wconf 81' lang='lat' dir='ltr'><strong>singulis</strong></span> <span class='ocrx_word' id='word_1_21' title='bbox 507 583 587 643; x_wconf 91' lang='lat' dir='ltr'><strong>ratio</strong></span> <span class='ocrx_word' id='word_1_22' title='bbox 602 582 685 663; x_wconf 80' lang='lat' dir='ltr'><strong>legis</strong></span> <span class='ocrx_word' id='word_1_23' title='bbox 697 579 843 644; x_wconf 82' lang='lat' dir='ltr'><strong>Falcidiae</strong></span> <span class='ocrx_word' id='word_1_24' title='bbox 856 579 999 661; x_wconf 88' lang='lat' dir='ltr'><strong>ponenda</strong></span> <span class='ocrx_word' id='word_1_25' title='bbox 1016 585 1064 640; x_wconf 88' lang='lat' dir='ltr'><strong>est</strong></span> <span class='ocrx_word' id='word_1_26' title='bbox 1076 579 1116 666; x_wconf 77' lang='lat'><strong>²).</strong></span> <span class='ocrx_word' id='word_1_27' title='bbox 1150 580 1200 642; x_wconf 85' lang='lat' dir='ltr'><strong>Nil</strong></span> <span class='ocrx_word' id='word_1_28' title='bbox 1220 587 1323 644; x_wconf 88' lang='lat' dir='ltr'><strong>autom</strong></span> 
     </span>
     <span class='ocr_line' id='line_1_4' title="bbox 120 681 1325 764; baseline -0.003 -16"><span class='ocrx_word' id='word_1_29' title='bbox 120 687 266 761; x_wconf 87' lang='lat' dir='ltr'><strong>interest,</strong></span> <span class='ocrx_word' id='word_1_30' title='bbox 289 690 393 745; x_wconf 89' lang='lat' dir='ltr'><strong>utrum</strong></span> <span class='ocrx_word' id='word_1_31' title='bbox 421 683 645 746; x_wconf 79' lang='lat' dir='ltr'><strong>testamentarii</strong></span> <span class='ocrx_word' id='word_1_32' title='bbox 670 701 709 744; x_wconf 92' lang='lat' dir='ltr'><strong>an</strong></span> <span class='ocrx_word' id='word_1_33' title='bbox 732 682 865 764; x_wconf 82' lang='lat' dir='ltr'><strong>legitimi</strong></span> <span class='ocrx_word' id='word_1_34' title='bbox 889 684 951 744; x_wconf 92' lang='lat' dir='ltr'><strong>sint</strong></span> <span class='ocrx_word' id='word_1_35' title='bbox 980 681 1127 762; x_wconf 83' lang='lat' dir='ltr'><strong>heredes.</strong></span> <span class='ocrx_word' id='word_1_36' title='bbox 1172 682 1252 761; x_wconf 93' lang='lat' dir='ltr'><strong>lpsis</strong></span> <span class='ocrx_word' id='word_1_37' title='bbox 1274 683 1325 744; x_wconf 90' lang='lat' dir='ltr'><strong>le-</strong></span> 
     </span>
     <span class='ocr_line' id='line_1_5' title="bbox 122 779 1326 869; baseline -0.004 -21"><span class='ocrx_word' id='word_1_38' title='bbox 122 785 274 869; x_wconf 80' lang='lat' dir='ltr'><strong>gatariis,</strong></span> <span class='ocrx_word' id='word_1_39' title='bbox 299 783 353 862; x_wconf 88' lang='lat' dir='ltr'><strong>qui</strong></span> <span class='ocrx_word' id='word_1_40' title='bbox 375 779 576 864; x_wconf 81' lang='lat' dir='ltr'><strong>rogati&#39;sunt</strong></span> <span class='ocrx_word' id='word_1_41' title='bbox 601 781 638 843; x_wconf 87' lang='lat' dir='ltr'><strong>ad</strong></span> <span class='ocrx_word' id='word_1_42' title='bbox 662 781 782 862; x_wconf 86' lang='lat' dir='ltr'><strong>aliquid</strong></span> <span class='ocrx_word' id='word_1_43' title='bbox 805 779 1033 861; x_wconf 78' lang='lat' dir='ltr'><strong>prestandum,</strong></span> <span class='ocrx_word' id='word_1_44' title='bbox 1058 780 1119 842; x_wconf 90' lang='lat' dir='ltr'><strong>hoc</strong></span> <span class='ocrx_word' id='word_1_45' title='bbox 1141 779 1326 843; x_wconf 84' lang='lat' dir='ltr'><strong>beneficium</strong></span> 
     </span>
     <span class='ocr_line' id='line_1_6' title="bbox 122 881 1326 972; baseline -0.005 -22"><span class='ocrx_word' id='word_1_46' title='bbox 122 905 187 954; x_wconf 90' lang='lat' dir='ltr'><strong>non</strong></span> <span class='ocrx_word' id='word_1_47' title='bbox 210 884 362 972; x_wconf 79' lang='lat' dir='ltr'><strong>datur⁸);</strong></span> <span class='ocrx_word' id='word_1_48' title='bbox 392 883 512 948; x_wconf 81' lang='lat' dir='ltr'><strong>interca</strong></span> <span class='ocrx_word' id='word_1_49' title='bbox 537 887 638 944; x_wconf 89' lang='lat' dir='ltr'><strong>tamen</strong></span> <span class='ocrx_word' id='word_1_50' title='bbox 666 900 723 963; x_wconf 91' lang='lat' dir='ltr'><strong>pro</strong></span> <span class='ocrx_word' id='word_1_51' title='bbox 754 888 822 944; x_wconf 90' lang='lat' dir='ltr'><strong>rata</strong></span> <span class='ocrx_word' id='word_1_52' title='bbox 848 883 947 962; x_wconf 90' lang='lat' dir='ltr'><strong>partis</strong></span> <span class='ocrx_word' id='word_1_53' title='bbox 976 899 1015 943; x_wconf 83' lang='lat' dir='ltr'><strong>ex</strong></span> <span class='ocrx_word' id='word_1_54' title='bbox 1038 881 1145 964; x_wconf 85' lang='lat' dir='ltr'><strong>legato</strong></span> <span class='ocrx_word' id='word_1_55' title='bbox 1174 881 1237 944; x_wconf 89' lang='lat' dir='ltr'><strong>illis</strong></span> <span class='ocrx_word' id='word_1_56' title='bbox 1265 881 1326 944; x_wconf 90' lang='lat' dir='ltr'><strong>de-</strong></span> 
     </span>
     <span class='ocr_line' id='line_1_7' title="bbox 122 983 1326 1066; baseline -0.003 -16"><span class='ocrx_word' id='word_1_57' title='bbox 122 993 244 1064; x_wconf 89' lang='lat' dir='ltr'><strong>tractae,</strong></span> <span class='ocrx_word' id='word_1_58' title='bbox 268 987 361 1048; x_wconf 88' lang='lat' dir='ltr'><strong>etiam</strong></span> <span class='ocrx_word' id='word_1_59' title='bbox 384 983 501 1066; x_wconf 83' lang='lat' dir='ltr'><strong>legata,</strong></span> <span class='ocrx_word' id='word_1_60' title='bbox 529 1001 569 1044; x_wconf 88' lang='lat' dir='ltr'><strong>cx</strong></span> <span class='ocrx_word' id='word_1_61' title='bbox 591 983 752 1046; x_wconf 87' lang='lat' dir='ltr'><strong>testatoris</strong></span> <span class='ocrx_word' id='word_1_62' title='bbox 772 983 979 1064; x_wconf 87' lang='lat' dir='ltr'><strong>dispositione</strong></span> <span class='ocrx_word' id='word_1_63' title='bbox 997 983 1057 1044; x_wconf 89' lang='lat' dir='ltr'><strong>ab</strong></span> <span class='ocrx_word' id='word_1_64' title='bbox 1048 985 1125 1064; x_wconf 85' lang='lat' dir='ltr'><strong>ipsis</strong></span> <span class='ocrx_word' id='word_1_65' title='bbox 1140 983 1326 1064; x_wconf 75' lang='lat' dir='ltr'><strong>prestando,</strong></span> 
     </span>
     <span class='ocr_line' id='line_1_8' title="bbox 121 1085 359 1172; baseline -0.022 -20"><span class='ocrx_word' id='word_1_66' title='bbox 121 1091 309 1152; x_wconf 84' lang='lat' dir='ltr'><strong>minuuntur</strong></span> <span class='ocrx_word' id='word_1_67' title='bbox 319 1085 359 1172; x_wconf 73' lang='grc'><strong>4)</strong></span> 
     </span>
    </p>

    <p class='ocr_par' dir='ltr' id='par_1_3' title="bbox 122 1183 1329 1570">
     <span class='ocr_line' id='line_1_9' title="bbox 166 1183 1325 1272; baseline -0.003 -20"><span class='ocrx_word' id='word_1_68' title='bbox 166 1193 197 1272; x_wconf 64' lang='grc' dir='ltr'><strong>ξ.</strong></span> <span class='ocrx_word' id='word_1_69' title='bbox 212 1187 283 1254; x_wconf 85' lang='grc'><strong>725</strong></span> <span class='ocrx_word' id='word_1_70' title='bbox 327 1185 502 1269; x_wconf 82' lang='lat' dir='ltr'><strong>Legatariis</strong></span> <span class='ocrx_word' id='word_1_71' title='bbox 524 1186 624 1268; x_wconf 86' lang='lat' dir='ltr'><strong>igitur</strong></span> <span class='ocrx_word' id='word_1_72' title='bbox 643 1184 695 1246; x_wconf 86' lang='lat' dir='ltr'><strong>vel</strong></span> <span class='ocrx_word' id='word_1_73' title='bbox 718 1183 1015 1248; x_wconf 87' lang='lat' dir='ltr'><strong>fideicommissariis</strong></span> <span class='ocrx_word' id='word_1_74' title='bbox 1038 1191 1148 1266; x_wconf 88' lang='lat' dir='ltr'><strong>quarta</strong></span> <span class='ocrx_word' id='word_1_75' title='bbox 1164 1203 1249 1266; x_wconf 88' lang='lat' dir='ltr'><strong>pars,</strong></span> <span class='ocrx_word' id='word_1_76' title='bbox 1272 1186 1325 1248; x_wconf 84' lang='lat' dir='ltr'><strong>uel</strong></span> 
     </span>
     <span class='ocr_line' id='line_1_10' title="bbox 126 1285 1329 1372; baseline -0.003 -20"><span class='ocrx_word' id='word_1_77' title='bbox 126 1290 212 1372; x_wconf 87' lang='lat' dir='ltr'><strong>quod</strong></span> <span class='ocrx_word' id='word_1_78' title='bbox 234 1289 272 1351; x_wconf 90' lang='lat' dir='ltr'><strong>ad</strong></span> <span class='ocrx_word' id='word_1_79' title='bbox 297 1307 363 1352; x_wconf 87' lang='lat' dir='ltr'><strong>eam</strong></span> <span class='ocrx_word' id='word_1_80' title='bbox 388 1285 594 1368; x_wconf 81' lang='lat' dir='ltr'><strong>supplendam</strong></span> <span class='ocrx_word' id='word_1_81' title='bbox 617 1285 727 1350; x_wconf 87' lang='lat' dir='ltr'><strong>heredi</strong></span> <span class='ocrx_word' id='word_1_82' title='bbox 751 1286 858 1363; x_wconf 87' lang='lat' dir='ltr'><strong>deest,</strong></span> <span class='ocrx_word' id='word_1_83' title='bbox 891 1286 1082 1362; x_wconf 88' lang='lat' dir='ltr'><strong>detrahitur,</strong></span> <span class='ocrx_word' id='word_1_84' title='bbox 1112 1287 1186 1350; x_wconf 87' lang='lat' dir='ltr'><strong>item</strong></span> <span class='ocrx_word' id='word_1_85' title='bbox 1214 1287 1252 1350; x_wconf 91' lang='lat' dir='ltr'><strong>iis</strong></span> <span class='ocrx_word' id='word_1_86' title='bbox 1276 1289 1329 1370; x_wconf 88' lang='lat' dir='ltr'><strong>qui</strong></span> 
     </span>
     <span class='ocr_line' id='line_1_11' title="bbox 122 1385 1328 1472; baseline 0.001 -22"><span class='ocrx_word' id='word_1_87' title='bbox 122 1389 232 1452; x_wconf 92' lang='lat' dir='ltr'><strong>mortis</strong></span> <span class='ocrx_word' id='word_1_88' title='bbox 253 1406 346 1452; x_wconf 87' lang='lat' dir='ltr'><strong>causa</strong></span> <span class='ocrx_word' id='word_1_89' title='bbox 369 1385 487 1468; x_wconf 88' lang='lat' dir='ltr'><strong>aliquid</strong></span> <span class='ocrx_word' id='word_1_90' title='bbox 513 1389 649 1468; x_wconf 90' lang='lat' dir='ltr'><strong>capiunt.</strong></span> <span class='ocrx_word' id='word_1_91' title='bbox 698 1387 784 1450; x_wconf 87' lang='lat' dir='ltr'><strong>Inter</strong></span> <span class='ocrx_word' id='word_1_92' title='bbox 807 1389 898 1450; x_wconf 86' lang='lat' dir='ltr'><strong>vivos</strong></span> <span class='ocrx_word' id='word_1_93' title='bbox 921 1386 1105 1450; x_wconf 87' lang='lat' dir='ltr'><strong>donationes</strong></span> <span class='ocrx_word' id='word_1_94' title='bbox 1129 1405 1168 1448; x_wconf 91' lang='lat' dir='ltr'><strong>ex</strong></span> <span class='ocrx_word' id='word_1_95' title='bbox 1182 1385 1240 1450; x_wconf 91' lang='lat' dir='ltr'><strong>hac</strong></span> <span class='ocrx_word' id='word_1_96' title='bbox 1254 1388 1328 1472; x_wconf 79' lang='lat' dir='ltr'><strong>lege</strong></span> 
     </span>
     <span class='ocr_line' id='line_1_12' title="bbox 122 1489 513 1570; baseline -0.01 -18"><span class='ocrx_word' id='word_1_97' title='bbox 122 1491 220 1552; x_wconf 90' lang='lat' dir='ltr'><strong>minui</strong></span> <span class='ocrx_word' id='word_1_98' title='bbox 242 1507 306 1552; x_wconf 92' lang='lat' dir='ltr'><strong>non</strong></span> <span class='ocrx_word' id='word_1_99' title='bbox 329 1489 513 1570; x_wconf 69' lang='lat' dir='ltr'><strong>possuntt).</strong></span> 
     </span>
    </p>

    <p class='ocr_par' dir='ltr' id='par_1_4' title="bbox 122 1587 1329 2383">
     <span class='ocr_line' id='line_1_13' title="bbox 165 1587 1328 1672; baseline 0 -20"><span class='ocrx_word' id='word_1_100' title='bbox 165 1595 196 1672; x_wconf 66' lang='grc' dir='ltr'><strong>ς.</strong></span> <span class='ocrx_word' id='word_1_101' title='bbox 211 1590 283 1654; x_wconf 84' lang='grc'><strong>726.</strong></span> <span class='ocrx_word' id='word_1_102' title='bbox 329 1589 364 1651; x_wconf 93' lang='lat' dir='ltr'><strong>ln</strong></span> <span class='ocrx_word' id='word_1_103' title='bbox 378 1595 487 1672; x_wconf 83' lang='lat' dir='ltr'><strong>quarta</strong></span> <span class='ocrx_word' id='word_1_104' title='bbox 503 1587 640 1652; x_wconf 88' lang='lat' dir='ltr'><strong>Falcidia</strong></span> <span class='ocrx_word' id='word_1_105' title='bbox 657 1588 862 1670; x_wconf 87' lang='lat' dir='ltr'><strong>computanda</strong></span> <span class='ocrx_word' id='word_1_106' title='bbox 879 1589 1032 1652; x_wconf 90' lang='lat' dir='ltr'><strong>bonorum</strong></span> <span class='ocrx_word' id='word_1_107' title='bbox 1049 1591 1205 1669; x_wconf 80' lang='lat' dir='ltr'><strong>quantitas</strong></span> <span class='ocrx_word' id='word_1_108' title='bbox 1221 1591 1328 1652; x_wconf 90' lang='lat' dir='ltr'><strong>mortis</strong></span> 
     </span>
     <span class='ocr_line' id='line_1_14' title="bbox 123 1677 1329 1773; baseline -0.002 -19"><span class='ocrx_word' id='word_1_109' title='bbox 123 1677 265 1772; x_wconf 79' lang='lat' dir='ltr'><strong>tempore</strong></span> <span class='ocrx_word' id='word_1_110' title='bbox 289 1697 459 1772; x_wconf 86' lang='lat' dir='ltr'><strong>spectatur,</strong></span> <span class='ocrx_word' id='word_1_111' title='bbox 483 1696 514 1753; x_wconf 90' lang='lat' dir='ltr'><strong>et</strong></span> <span class='ocrx_word' id='word_1_112' title='bbox 537 1693 727 1772; x_wconf 91' lang='lat' dir='ltr'><strong>computatio</strong></span> <span class='ocrx_word' id='word_1_113' title='bbox 751 1691 786 1752; x_wconf 87' lang='lat' dir='ltr'><strong>fit</strong></span> <span class='ocrx_word' id='word_1_114' title='bbox 808 1691 953 1754; x_wconf 85' lang='lat' dir='ltr'><strong>deductis</strong></span> <span class='ocrx_word' id='word_1_115' title='bbox 980 1690 1099 1756; x_wconf 87' lang='lat' dir='ltr'><strong>funeris</strong></span> <span class='ocrx_word' id='word_1_116' title='bbox 1125 1693 1273 1773; x_wconf 91' lang='lat' dir='ltr'><strong>impensis</strong></span> <span class='ocrx_word' id='word_1_117' title='bbox 1298 1697 1329 1753; x_wconf 91' lang='lat' dir='ltr'><strong>et</strong></span> 
     </span>
     <span class='ocr_line' id='line_1_15' title="bbox 124 1790 1326 1874; baseline 0 -20"><span class='ocrx_word' id='word_1_118' title='bbox 124 1795 207 1854; x_wconf 92' lang='lat' dir='ltr'><strong>omni</strong></span> <span class='ocrx_word' id='word_1_119' title='bbox 228 1811 292 1856; x_wconf 84' lang='lat' dir='ltr'><strong>aere</strong></span> <span class='ocrx_word' id='word_1_120' title='bbox 315 1792 431 1855; x_wconf 88' lang='lat' dir='ltr'><strong>alieno.</strong></span> <span class='ocrx_word' id='word_1_121' title='bbox 476 1790 565 1864; x_wconf 82' lang='lat' dir='ltr'><strong>Quod</strong></span> <span class='ocrx_word' id='word_1_122' title='bbox 588 1797 660 1872; x_wconf 93' lang='lat' dir='ltr'><strong>post</strong></span> <span class='ocrx_word' id='word_1_123' title='bbox 682 1797 812 1856; x_wconf 90' lang='lat' dir='ltr'><strong>mortem</strong></span> <span class='ocrx_word' id='word_1_124' title='bbox 834 1792 1003 1854; x_wconf 88' lang='lat' dir='ltr'><strong>hereditati</strong></span> <span class='ocrx_word' id='word_1_125' title='bbox 1032 1792 1204 1870; x_wconf 89' lang='lat' dir='ltr'><strong>adcrescit,</strong></span> <span class='ocrx_word' id='word_1_126' title='bbox 1234 1792 1326 1874; x_wconf 86' lang='lat' dir='ltr'><strong>lega-</strong></span> 
     </span>
     <span class='ocr_line' id='line_1_16' title="bbox 122 1881 1327 1976; baseline -0.001 -21"><span class='ocrx_word' id='word_1_127' title='bbox 122 1895 213 1955; x_wconf 90' lang='lat' dir='ltr'><strong>tariis</strong></span> <span class='ocrx_word' id='word_1_128' title='bbox 236 1911 299 1956; x_wconf 94' lang='lat' dir='ltr'><strong>non</strong></span> <span class='ocrx_word' id='word_1_129' title='bbox 320 1891 462 1974; x_wconf 87' lang='lat' dir='ltr'><strong>prodest,</strong></span> <span class='ocrx_word' id='word_1_130' title='bbox 485 1897 516 1954; x_wconf 90' lang='lat' dir='ltr'><strong>et</strong></span> <span class='ocrx_word' id='word_1_131' title='bbox 539 1893 566 1953; x_wconf 94' lang='lat' dir='ltr'><strong>si</strong></span> <span class='ocrx_word' id='word_1_132' title='bbox 590 1909 651 1972; x_wconf 89' lang='lat' dir='ltr'><strong>quo</strong></span> <span class='ocrx_word' id='word_1_133' title='bbox 668 1909 744 1956; x_wconf 88' lang='lat' dir='ltr'><strong>casu</strong></span> <span class='ocrx_word' id='word_1_134' title='bbox 758 1892 917 1956; x_wconf 87' lang='lat' dir='ltr'><strong>hereditas</strong></span> <span class='ocrx_word' id='word_1_135' title='bbox 932 1895 1093 1970; x_wconf 86' lang='lat' dir='ltr'><strong>minuitur,</strong></span> <span class='ocrx_word' id='word_1_136' title='bbox 1117 1895 1149 1954; x_wconf 92' lang='lat' dir='ltr'><strong>id</strong></span> <span class='ocrx_word' id='word_1_137' title='bbox 1164 1881 1327 1976; x_wconf 80' lang='lat' dir='ltr'><strong>legatariis</strong></span> 
     </span>
     <span class='ocr_line' id='line_1_17' title="bbox 123 1993 1327 2074; baseline -0.002 -18"><span class='ocrx_word' id='word_1_138' title='bbox 123 2013 188 2058; x_wconf 92' lang='lat' dir='ltr'><strong>non</strong></span> <span class='ocrx_word' id='word_1_139' title='bbox 212 2000 323 2057; x_wconf 88' lang='lat' dir='ltr'><strong>nocet:</strong></span> <span class='ocrx_word' id='word_1_140' title='bbox 358 2013 427 2056; x_wconf 91' lang='lat' dir='ltr'><strong>nam</strong></span> <span class='ocrx_word' id='word_1_141' title='bbox 458 1993 553 2055; x_wconf 86' lang='lat' dir='ltr'><strong>heres</strong></span> <span class='ocrx_word' id='word_1_142' title='bbox 586 2011 711 2073; x_wconf 87' lang='lat' dir='ltr'><strong>semper</strong></span> <span class='ocrx_word' id='word_1_143' title='bbox 741 2000 865 2074; x_wconf 87' lang='lat' dir='ltr'><strong>poterat</strong></span> <span class='ocrx_word' id='word_1_144' title='bbox 895 1994 1102 2058; x_wconf 89' lang='lat' dir='ltr'><strong>hereditatem</strong></span> <span class='ocrx_word' id='word_1_145' title='bbox 1133 1995 1162 2056; x_wconf 90' lang='lat' dir='ltr'><strong>ei</strong></span> <span class='ocrx_word' id='word_1_146' title='bbox 1194 1993 1327 2056; x_wconf 87' lang='lat' dir='ltr'><strong>delatam</strong></span> 
     </span>
     <span class='ocr_line' id='line_1_18' title="bbox 122 2093 1327 2181; baseline -0.004 -22"><span class='ocrx_word' id='word_1_147' title='bbox 122 2097 268 2159; x_wconf 87' lang='lat' dir='ltr'><strong>omittere</strong></span> <span class='ocrx_word' id='word_1_148' title='bbox 282 2096 322 2181; x_wconf 77' lang='grc'><strong>6).</strong></span> <span class='ocrx_word' id='word_1_149' title='bbox 368 2093 592 2175; x_wconf 81' lang='lat' dir='ltr'><strong>Computantur</strong></span> <span class='ocrx_word' id='word_1_150' title='bbox 622 2100 725 2157; x_wconf 92' lang='lat' dir='ltr'><strong>autem</strong></span> <span class='ocrx_word' id='word_1_151' title='bbox 756 2097 788 2156; x_wconf 95' lang='lat' dir='ltr'><strong>in</strong></span> <span class='ocrx_word' id='word_1_152' title='bbox 821 2101 960 2174; x_wconf 89' lang='lat' dir='ltr'><strong>quartam</strong></span> <span class='ocrx_word' id='word_1_153' title='bbox 991 2101 1111 2175; x_wconf 88' lang='lat' dir='ltr'><strong>partem</strong></span> <span class='ocrx_word' id='word_1_154' title='bbox 1139 2113 1175 2156; x_wconf 88' lang='lat' dir='ltr'><strong>ca</strong></span> <span class='ocrx_word' id='word_1_155' title='bbox 1199 2099 1327 2169; x_wconf 88' lang='lat' dir='ltr'><strong>tantum,</strong></span> 
     </span>
     <span class='ocr_line' id='line_1_19' title="bbox 124 2195 1326 2297; baseline -0.002 -39"><span class='ocrx_word' id='word_1_156' title='bbox 124 2215 195 2278; x_wconf 81' lang='lat' dir='ltr'><strong>quae</strong></span> <span class='ocrx_word' id='word_1_157' title='bbox 215 2195 440 2260; x_wconf 86' lang='lat' dir='ltr'><strong>hereditario</strong></span> <span class='ocrx_word' id='word_1_158' title='bbox 431 2214 501 2258; x_wconf 83' lang='lat' dir='ltr'><strong>iure</strong></span> <span class='ocrx_word' id='word_1_159' title='bbox 525 2195 637 2272; x_wconf 91' lang='lat' dir='ltr'><strong>habet,</strong></span> <span class='ocrx_word' id='word_1_160' title='bbox 668 2213 772 2276; x_wconf 90' lang='lat' dir='ltr'><strong>neque</strong></span> <span class='ocrx_word' id='word_1_161' title='bbox 796 2195 918 2278; x_wconf 83' lang='lat' dir='ltr'><strong>legata,</strong></span> <span class='ocrx_word' id='word_1_162' title='bbox 951 2195 1004 2258; x_wconf 88' lang='lat' dir='ltr'><strong>vel</strong></span> <span class='ocrx_word' id='word_1_163' title='bbox 1027 2195 1268 2297; x_wconf 69' lang='lat' dir='ltr'><strong>fideicommissa</strong></span> <span class='ocrx_word' id='word_1_164' title='bbox 1297 2196 1326 2256; x_wconf 91' lang='lat' dir='ltr'><strong>ei</strong></span> 
     </span>
     <span class='ocr_line' id='line_1_20' title="bbox 126 2295 868 2383; baseline -0.005 -23"><span class='ocrx_word' id='word_1_165' title='bbox 126 2298 239 2360; x_wconf 89' lang='lat' dir='ltr'><strong>relicta</strong></span> <span class='ocrx_word' id='word_1_166' title='bbox 262 2298 314 2359; x_wconf 85' lang='lat' dir='ltr'><strong>vol</strong></span> <span class='ocrx_word' id='word_1_167' title='bbox 337 2297 552 2360; x_wconf 92' lang='lat' dir='ltr'><strong>donationes</strong></span> <span class='ocrx_word' id='word_1_168' title='bbox 544 2315 577 2358; x_wconf 91' lang='grc' dir='ltr'><strong>ιιι</strong></span> <span class='ocrx_word' id='word_1_169' title='bbox 600 2314 669 2358; x_wconf 89' lang='lat' dir='ltr'><strong>eum</strong></span> <span class='ocrx_word' id='word_1_170' title='bbox 693 2295 815 2359; x_wconf 84' lang='lat' dir='ltr'><strong>collatae</strong></span> <span class='ocrx_word' id='word_1_171' title='bbox 830 2295 868 2383; x_wconf 79' lang='lat'><strong>⁷).</strong></span> 
     </span>
    </p>

    <p class='ocr_par' dir='ltr' id='par_1_5' title="bbox 123 2395 1337 3186">
     <span class='ocr_line' id='line_1_21' title="bbox 168 2395 1326 2480; baseline 0 -20"><span class='ocrx_word' id='word_1_172' title='bbox 168 2399 199 2480; x_wconf 69' lang='grc' dir='ltr'><strong>ξ.</strong></span> <span class='ocrx_word' id='word_1_173' title='bbox 217 2397 287 2460; x_wconf 87' lang='grc'><strong>727.</strong></span> <span class='ocrx_word' id='word_1_174' title='bbox 332 2397 366 2461; x_wconf 88' lang='lat' dir='ltr'><strong>Si</strong></span> <span class='ocrx_word' id='word_1_175' title='bbox 398 2397 509 2460; x_wconf 89' lang='lat' dir='ltr'><strong>heredi</strong></span> <span class='ocrx_word' id='word_1_176' title='bbox 541 2397 715 2460; x_wconf 88' lang='lat' dir='ltr'><strong>deficientis</strong></span> <span class='ocrx_word' id='word_1_177' title='bbox 746 2396 875 2458; x_wconf 88' lang='lat' dir='ltr'><strong>heredis</strong></span> <span class='ocrx_word' id='word_1_178' title='bbox 906 2398 1009 2478; x_wconf 88' lang='lat' dir='ltr'><strong>portio</strong></span> <span class='ocrx_word' id='word_1_179' title='bbox 1039 2395 1212 2474; x_wconf 86' lang='lat' dir='ltr'><strong>adcrescit,</strong></span> <span class='ocrx_word' id='word_1_180' title='bbox 1245 2399 1326 2460; x_wconf 88' lang='lat' dir='ltr'><strong>ratio</strong></span> 
     </span>
     <span class='ocr_line' id='line_1_22' title="bbox 123 2495 1326 2580; baseline 0 -22"><span class='ocrx_word' id='word_1_181' title='bbox 123 2498 208 2580; x_wconf 86' lang='lat' dir='ltr'><strong>legis</strong></span> <span class='ocrx_word' id='word_1_182' title='bbox 228 2495 376 2562; x_wconf 83' lang='lat' dir='ltr'><strong>Falcidiae</strong></span> <span class='ocrx_word' id='word_1_183' title='bbox 397 2497 452 2560; x_wconf 87' lang='lat' dir='ltr'><strong>tali</strong></span> <span class='ocrx_word' id='word_1_184' title='bbox 475 2497 567 2560; x_wconf 93' lang='lat' dir='ltr'><strong>modo</strong></span> <span class='ocrx_word' id='word_1_185' title='bbox 589 2503 638 2560; x_wconf 89' lang='lat' dir='ltr'><strong>est</strong></span> <span class='ocrx_word' id='word_1_186' title='bbox 658 2497 813 2574; x_wconf 89' lang='lat' dir='ltr'><strong>habenda,</strong></span> <span class='ocrx_word' id='word_1_187' title='bbox 837 2503 881 2575; x_wconf 92' lang='lat' dir='ltr'><strong>ut,</strong></span> <span class='ocrx_word' id='word_1_188' title='bbox 904 2499 932 2560; x_wconf 92' lang='lat' dir='ltr'><strong>si</strong></span> <span class='ocrx_word' id='word_1_189' title='bbox 955 2498 1024 2560; x_wconf 90' lang='lat' dir='ltr'><strong>cius</strong></span> <span class='ocrx_word' id='word_1_190' title='bbox 1047 2515 1131 2578; x_wconf 90' lang='lat' dir='ltr'><strong>pars,</strong></span> <span class='ocrx_word' id='word_1_191' title='bbox 1156 2498 1209 2578; x_wconf 83' lang='lat' dir='ltr'><strong>qui</strong></span> <span class='ocrx_word' id='word_1_192' title='bbox 1232 2497 1326 2560; x_wconf 89' lang='lat' dir='ltr'><strong>heres</strong></span> 
     </span>
     <span class='ocr_line' id='line_1_23' title="bbox 124 2596 1326 2682; baseline -0.002 -21"><span class='ocrx_word' id='word_1_193' title='bbox 124 2599 243 2675; x_wconf 87' lang='lat' dir='ltr'><strong>existit,</strong></span> <span class='ocrx_word' id='word_1_194' title='bbox 267 2598 383 2681; x_wconf 83' lang='lat' dir='ltr'><strong>legatis</strong></span> <span class='ocrx_word' id='word_1_195' title='bbox 406 2598 558 2661; x_wconf 87' lang='lat' dir='ltr'><strong>exhausta</strong></span> <span class='ocrx_word' id='word_1_196' title='bbox 582 2600 634 2676; x_wconf 90' lang='lat' dir='ltr'><strong>sit,</strong></span> <span class='ocrx_word' id='word_1_197' title='bbox 662 2598 853 2662; x_wconf 90' lang='lat' dir='ltr'><strong>adiuventur</strong></span> <span class='ocrx_word' id='word_1_198' title='bbox 875 2599 1021 2682; x_wconf 83' lang='lat' dir='ltr'><strong>legatarii</strong></span> <span class='ocrx_word' id='word_1_199' title='bbox 1047 2618 1105 2680; x_wconf 90' lang='lat' dir='ltr'><strong>per</strong></span> <span class='ocrx_word' id='word_1_200' title='bbox 1129 2596 1326 2661; x_wconf 88' lang='lat' dir='ltr'><strong>deficientem</strong></span> 
     </span>
     <span class='ocr_line' id='line_1_24' title="bbox 123 2698 1325 2782; baseline 0 -22"><span class='ocrx_word' id='word_1_201' title='bbox 123 2704 255 2779; x_wconf 86' lang='lat' dir='ltr'><strong>partem,</strong></span> <span class='ocrx_word' id='word_1_202' title='bbox 278 2700 350 2779; x_wconf 89' lang='lat' dir='ltr'><strong>quia</strong></span> <span class='ocrx_word' id='word_1_203' title='bbox 375 2717 438 2762; x_wconf 93' lang='lat' dir='ltr'><strong>non</strong></span> <span class='ocrx_word' id='word_1_204' title='bbox 461 2705 511 2760; x_wconf 86' lang='lat' dir='ltr'><strong>est</strong></span> <span class='ocrx_word' id='word_1_205' title='bbox 531 2698 645 2782; x_wconf 79' lang='lat' dir='ltr'><strong>legatis</strong></span> <span class='ocrx_word' id='word_1_206' title='bbox 661 2703 788 2761; x_wconf 88' lang='lat' dir='ltr'><strong>onerata</strong></span> <span class='ocrx_word' id='word_1_207' title='bbox 796 2717 805 2774; x_wconf 83' lang='lat'><em>3</em></span> <span class='ocrx_word' id='word_1_208' title='bbox 828 2701 856 2761; x_wconf 91' lang='lat' dir='ltr'><strong>si</strong></span> <span class='ocrx_word' id='word_1_209' title='bbox 878 2717 956 2764; x_wconf 91' lang='lat' dir='ltr'><strong>vero</strong></span> <span class='ocrx_word' id='word_1_210' title='bbox 970 2699 1093 2762; x_wconf 85' lang='lat' dir='ltr'><strong>delecta</strong></span> <span class='ocrx_word' id='word_1_211' title='bbox 1115 2717 1186 2780; x_wconf 89' lang='lat' dir='ltr'><strong>pars</strong></span> <span class='ocrx_word' id='word_1_212' title='bbox 1209 2700 1325 2782; x_wconf 84' lang='lat' dir='ltr'><strong>legatis</strong></span> 
     </span>
     <span class='ocr_line' id='line_1_25' title="bbox 123 2794 1325 2883; baseline 0 -21"><span class='ocrx_word' id='word_1_213' title='bbox 123 2805 174 2862; x_wconf 89' lang='lat' dir='ltr'><strong>est</strong></span> <span class='ocrx_word' id='word_1_214' title='bbox 197 2799 365 2876; x_wconf 87' lang='lat' dir='ltr'><strong>exhausta,</strong></span> <span class='ocrx_word' id='word_1_215' title='bbox 395 2800 527 2880; x_wconf 89' lang='lat' dir='ltr'><strong>perinde</strong></span> <span class='ocrx_word' id='word_1_216' title='bbox 548 2801 580 2861; x_wconf 91' lang='lat' dir='ltr'><strong>in</strong></span> <span class='ocrx_word' id='word_1_217' title='bbox 603 2818 639 2862; x_wconf 89' lang='lat' dir='ltr'><strong>ea</strong></span> <span class='ocrx_word' id='word_1_218' title='bbox 661 2800 805 2882; x_wconf 91' lang='lat' dir='ltr'><strong>ponenda</strong></span> <span class='ocrx_word' id='word_1_219' title='bbox 829 2800 911 2883; x_wconf 83' lang='lat' dir='ltr'><strong>legis</strong></span> <span class='ocrx_word' id='word_1_220' title='bbox 934 2799 1078 2864; x_wconf 86' lang='lat' dir='ltr'><strong>Falcidiae</strong></span> <span class='ocrx_word' id='word_1_221' title='bbox 1100 2794 1200 2876; x_wconf 81' lang='lat' dir='ltr'><strong>ratio,</strong></span> <span class='ocrx_word' id='word_1_222' title='bbox 1231 2805 1325 2882; x_wconf 87' lang='lat' dir='ltr'><strong>atque</strong></span> 
     </span>
     <span class='ocr_line' id='line_1_26' title="bbox 123 2898 1326 2982; baseline 0 -21"><span class='ocrx_word' id='word_1_223' title='bbox 123 2900 151 2962; x_wconf 89' lang='lat' dir='ltr'><strong>si</strong></span> <span class='ocrx_word' id='word_1_224' title='bbox 175 2898 306 2962; x_wconf 91' lang='lat' dir='ltr'><strong>adeum</strong></span> <span class='ocrx_word' id='word_1_225' title='bbox 330 2901 432 2982; x_wconf 89' lang='lat' dir='ltr'><strong>ipsum</strong></span> <span class='ocrx_word' id='word_1_226' title='bbox 453 2901 639 2981; x_wconf 88' lang='lat' dir='ltr'><strong>pertineret,</strong></span> <span class='ocrx_word' id='word_1_227' title='bbox 661 2901 764 2981; x_wconf 72' lang='lat' dir='ltr'><strong>a&#39;quo</strong></span> <span class='ocrx_word' id='word_1_228' title='bbox 789 2907 838 2964; x_wconf 92' lang='lat' dir='ltr'><strong>est</strong></span> <span class='ocrx_word' id='word_1_229' title='bbox 860 2901 995 2964; x_wconf 89' lang='lat' dir='ltr'><strong>delecta.</strong></span> <span class='ocrx_word' id='word_1_230' title='bbox 1040 2902 1072 2966; x_wconf 86' lang='lat' dir='ltr'><strong>si</strong></span> <span class='ocrx_word' id='word_1_231' title='bbox 1095 2907 1229 2982; x_wconf 87' lang='lat' dir='ltr'><strong>utraque</strong></span> <span class='ocrx_word' id='word_1_232' title='bbox 1253 2915 1326 2981; x_wconf 90' lang='lat' dir='ltr'><strong>pars</strong></span> 
     </span>
     <span class='ocr_line' id='line_1_27' title="bbox 123 2999 1326 3086; baseline 0.002 -25"><span class='ocrx_word' id='word_1_233' title='bbox 123 3000 217 3062; x_wconf 87' lang='lat' dir='ltr'><strong>nimis</strong></span> <span class='ocrx_word' id='word_1_234' title='bbox 241 3006 370 3063; x_wconf 87' lang='lat' dir='ltr'><strong>onerata</strong></span> <span class='ocrx_word' id='word_1_235' title='bbox 395 2999 447 3064; x_wconf 89' lang='lat' dir='ltr'><strong>vel</strong></span> <span class='ocrx_word' id='word_1_236' title='bbox 469 3001 620 3064; x_wconf 88' lang='lat' dir='ltr'><strong>exhauste</strong></span> <span class='ocrx_word' id='word_1_237' title='bbox 642 3003 816 3080; x_wconf 86' lang='lat' dir='ltr'><strong>invenitur,</strong></span> <span class='ocrx_word' id='word_1_238' title='bbox 839 3003 871 3065; x_wconf 91' lang='lat' dir='ltr'><strong>in</strong></span> <span class='ocrx_word' id='word_1_239' title='bbox 892 3009 1026 3086; x_wconf 82' lang='lat' dir='ltr'><strong>utraque</strong></span> <span class='ocrx_word' id='word_1_240' title='bbox 1046 3002 1212 3084; x_wconf 85' lang='lat' dir='ltr'><strong>separatim</strong></span> <span class='ocrx_word' id='word_1_241' title='bbox 1227 2999 1261 3062; x_wconf 88' lang='lat' dir='ltr'><strong>fit</strong></span> <span class='ocrx_word' id='word_1_242' title='bbox 1275 2999 1326 3064; x_wconf 87' lang='lat' dir='ltr'><strong>le-</strong></span> 
     </span>
     <span class='ocr_line' id='line_1_28' title="bbox 125 3101 1337 3186; baseline 0 -25"><span class='ocrx_word' id='word_1_243' title='bbox 125 3104 272 3182; x_wconf 84' lang='lat' dir='ltr'><strong>gatorum</strong></span> <span class='ocrx_word' id='word_1_244' title='bbox 293 3101 423 3163; x_wconf 92' lang='lat' dir='ltr'><strong>minutio</strong></span> <span class='ocrx_word' id='word_1_245' title='bbox 437 3101 478 3186; x_wconf 80' lang='lat'><strong>⁸).</strong></span> <span class='ocrx_word' id='word_1_246' title='bbox 1335 3115 1337 3120; x_wconf 86' lang='lat'>·</span> 
     </span>
    </p>

    <p class='ocr_par' dir='ltr' id='par_1_6' title="bbox 123 3199 1330 3888">
     <span class='ocr_line' id='line_1_29' title="bbox 148 3199 1325 3284; baseline 0.001 -22"><span class='ocrx_word' id='word_1_247' title='bbox 148 3201 197 3281; x_wconf 38' lang='lat' dir='ltr'><strong>ag.</strong></span> <span class='ocrx_word' id='word_1_248' title='bbox 213 3199 284 3264; x_wconf 86' lang='grc'><strong>728.</strong></span> <span class='ocrx_word' id='word_1_249' title='bbox 330 3199 442 3264; x_wconf 88' lang='lat' dir='ltr'><strong>Cessat</strong></span> <span class='ocrx_word' id='word_1_250' title='bbox 462 3201 561 3284; x_wconf 84' lang='lat' dir='ltr'><strong>igitur</strong></span> <span class='ocrx_word' id='word_1_251' title='bbox 584 3201 617 3262; x_wconf 92' lang='lat' dir='ltr'><strong>in</strong></span> <span class='ocrx_word' id='word_1_252' title='bbox 638 3200 823 3282; x_wconf 84' lang='lat' dir='ltr'><strong>quibusdam</strong></span> <span class='ocrx_word' id='word_1_253' title='bbox 847 3202 972 3264; x_wconf 91' lang='lat' dir='ltr'><strong>casibus</strong></span> <span class='ocrx_word' id='word_1_254' title='bbox 994 3203 1078 3284; x_wconf 85' lang='lat' dir='ltr'><strong>legis</strong></span> <span class='ocrx_word' id='word_1_255' title='bbox 1097 3201 1243 3264; x_wconf 84' lang='lat' dir='ltr'><strong>Falcidiae</strong></span> <span class='ocrx_word' id='word_1_256' title='bbox 1264 3202 1325 3266; x_wconf 90' lang='lat' dir='ltr'><strong>be-</strong></span> 
     </span>
     <span class='ocr_line' id='line_1_30' title="bbox 123 3299 1324 3384; baseline 0.002 -22"><span class='ocrx_word' id='word_1_257' title='bbox 123 3299 291 3376; x_wconf 86' lang='lat' dir='ltr'><strong>neficium3</strong></span> <span class='ocrx_word' id='word_1_258' title='bbox 322 3301 502 3382; x_wconf 90' lang='lat' dir='ltr'><strong>etquidem</strong></span> <span class='ocrx_word' id='word_1_259' title='bbox 528 3319 654 3384; x_wconf 90' lang='lat' dir='ltr'><strong>semper</strong></span> <span class='ocrx_word' id='word_1_260' title='bbox 674 3303 706 3363; x_wconf 93' lang='lat' dir='ltr'><strong>in</strong></span> <span class='ocrx_word' id='word_1_261' title='bbox 733 3308 921 3365; x_wconf 91' lang='lat' dir='ltr'><strong>testamento</strong></span> <span class='ocrx_word' id='word_1_262' title='bbox 946 3303 1070 3378; x_wconf 90' lang='lat' dir='ltr'><strong>milltis,</strong></span> <span class='ocrx_word' id='word_1_263' title='bbox 1100 3305 1217 3384; x_wconf 85' lang='lat' dir='ltr'><strong>quippe</strong></span> <span class='ocrx_word' id='word_1_264' title='bbox 1240 3301 1324 3382; x_wconf 87' lang='lat' dir='ltr'><strong>quod</strong></span> 
     </span>
     <span class='ocr_line' id='line_1_31' title="bbox 123 3399 1325 3490; baseline 0.002 -28"><span class='ocrx_word' id='word_1_265' title='bbox 123 3399 194 3463; x_wconf 91' lang='lat' dir='ltr'><strong>sola</strong></span> <span class='ocrx_word' id='word_1_266' title='bbox 214 3399 378 3464; x_wconf 89' lang='lat' dir='ltr'><strong>voluntate</strong></span> <span class='ocrx_word' id='word_1_267' title='bbox 404 3402 515 3464; x_wconf 89' lang='lat' dir='ltr'><strong>nititur</strong></span> <span class='ocrx_word' id='word_1_268' title='bbox 526 3402 565 3490; x_wconf 80' lang='lat'><strong>⁹).</strong></span> <span class='ocrx_word' id='word_1_269' title='bbox 610 3402 720 3465; x_wconf 85' lang='lat' dir='ltr'><strong>Cessat</strong></span> <span class='ocrx_word' id='word_1_270' title='bbox 748 3404 775 3464; x_wconf 92' lang='lat' dir='ltr'><strong>si</strong></span> <span class='ocrx_word' id='word_1_271' title='bbox 803 3404 896 3465; x_wconf 89' lang='lat' dir='ltr'><strong>heres</strong></span> <span class='ocrx_word' id='word_1_272' title='bbox 924 3404 1135 3466; x_wconf 88' lang='lat' dir='ltr'><strong>inventarium</strong></span> <span class='ocrx_word' id='word_1_273' title='bbox 1163 3402 1325 3464; x_wconf 89' lang='lat' dir='ltr'><strong>heredita-</strong></span> 
     </span>
     <span class='ocr_line' id='line_1_32' title="bbox 124 3501 1326 3588; baseline 0.002 -26"><span class='ocrx_word' id='word_1_274' title='bbox 124 3501 243 3564; x_wconf 86' lang='lat' dir='ltr'><strong>riarum</strong></span> <span class='ocrx_word' id='word_1_275' title='bbox 266 3517 371 3564; x_wconf 88' lang='lat' dir='ltr'><strong>rerum</strong></span> <span class='ocrx_word' id='word_1_276' title='bbox 395 3501 691 3585; x_wconf 83' lang='lat' dir='ltr'><strong>lacereneglexerit</strong></span> <span class='ocrx_word' id='word_1_277' title='bbox 703 3501 754 3588; x_wconf 87' lang='lat'><strong>¹⁰),</strong></span> <span class='ocrx_word' id='word_1_278' title='bbox 778 3508 832 3564; x_wconf 90' lang='lat' dir='ltr'><strong>aut</strong></span> <span class='ocrx_word' id='word_1_279' title='bbox 852 3503 878 3564; x_wconf 91' lang='lat' dir='ltr'><strong>si</strong></span> <span class='ocrx_word' id='word_1_280' title='bbox 897 3507 1028 3573; x_wconf 82' lang='lat' dir='ltr'><strong>testator</strong></span> <span class='ocrx_word' id='word_1_281' title='bbox 1045 3503 1206 3584; x_wconf 87' lang='lat' dir='ltr'><strong>expressis</strong></span> <span class='ocrx_word' id='word_1_282' title='bbox 1219 3503 1326 3566; x_wconf 90' lang='lat' dir='ltr'><strong>verbis</strong></span> 
     </span>
     <span class='ocr_line' id='line_1_33' title="bbox 125 3600 1330 3690; baseline 0.002 -27"><span class='ocrx_word' id='word_1_283' title='bbox 125 3600 334 3665; x_wconf 88' lang='lat' dir='ltr'><strong>indicaverit:</strong></span> <span class='ocrx_word' id='word_1_284' title='bbox 366 3618 402 3663; x_wconf 90' lang='lat' dir='ltr'><strong>se</strong></span> <span class='ocrx_word' id='word_1_285' title='bbox 424 3600 509 3665; x_wconf 91' lang='lat' dir='ltr'><strong>nolle</strong></span> <span class='ocrx_word' id='word_1_286' title='bbox 531 3601 697 3665; x_wconf 88' lang='lat' dir='ltr'><strong>Falcidiam</strong></span> <span class='ocrx_word' id='word_1_287' title='bbox 718 3602 756 3664; x_wconf 85' lang='lat' dir='ltr'><strong>ab</strong></span> <span class='ocrx_word' id='word_1_288' title='bbox 786 3602 904 3666; x_wconf 90' lang='lat' dir='ltr'><strong>herede</strong></span> <span class='ocrx_word' id='word_1_289' title='bbox 926 3603 1058 3666; x_wconf 88' lang='lat' dir='ltr'><strong>retineri</strong></span> <span class='ocrx_word' id='word_1_290' title='bbox 1072 3603 1112 3690; x_wconf 90' lang='grc'><strong>11)</strong></span> <span class='ocrx_word' id='word_1_291' title='bbox 1143 3621 1243 3683; x_wconf 86' lang='lat' dir='ltr'><strong>eaque</strong></span> <span class='ocrx_word' id='word_1_292' title='bbox 1272 3603 1330 3668; x_wconf 88' lang='lat' dir='ltr'><strong>sub</strong></span> 
     </span>
     <span class='ocr_line' id='line_1_34' title="bbox 125 3701 1325 3792; baseline 0.002 -28"><span class='ocrx_word' id='word_1_293' title='bbox 125 3701 308 3764; x_wconf 89' lang='lat' dir='ltr'><strong>conditione</strong></span> <span class='ocrx_word' id='word_1_294' title='bbox 331 3701 481 3764; x_wconf 90' lang='lat' dir='ltr'><strong>heredem</strong></span> <span class='ocrx_word' id='word_1_295' title='bbox 503 3720 573 3792; x_wconf 77' lang='lat' dir='ltr'><strong>eum</strong></span> <span class='ocrx_word' id='word_1_296' title='bbox 596 3704 779 3766; x_wconf 88' lang='lat' dir='ltr'><strong>instituerit.</strong></span> <span class='ocrx_word' id='word_1_297' title='bbox 823 3703 899 3766; x_wconf 92' lang='lat' dir='ltr'><strong>ltem</strong></span> <span class='ocrx_word' id='word_1_298' title='bbox 924 3705 951 3766; x_wconf 94' lang='lat' dir='ltr'><strong>si</strong></span> <span class='ocrx_word' id='word_1_299' title='bbox 975 3704 1069 3766; x_wconf 89' lang='lat' dir='ltr'><strong>heres</strong></span> <span class='ocrx_word' id='word_1_300' title='bbox 1085 3701 1325 3766; x_wconf 88' lang='lat' dir='ltr'><strong>huicbenelicio</strong></span> 
     </span>
     <span class='ocr_line' id='line_1_35' title="bbox 124 3801 1326 3888; baseline 0.003 -26"><span class='ocrx_word' id='word_1_301' title='bbox 124 3802 373 3878; x_wconf 89' lang='lat' dir='ltr'><strong>renuntiaverit,</strong></span> <span class='ocrx_word' id='word_1_302' title='bbox 404 3807 458 3865; x_wconf 89' lang='lat' dir='ltr'><strong>aut</strong></span> <span class='ocrx_word' id='word_1_303' title='bbox 479 3801 584 3865; x_wconf 82' lang='lat' dir='ltr'><strong>scieris</strong></span> <span class='ocrx_word' id='word_1_304' title='bbox 606 3801 659 3866; x_wconf 90' lang='lat' dir='ltr'><strong>vel</strong></span> <span class='ocrx_word' id='word_1_305' title='bbox 683 3804 733 3866; x_wconf 93' lang='lat' dir='ltr'><strong>ius</strong></span> <span class='ocrx_word' id='word_1_306' title='bbox 755 3804 907 3887; x_wconf 83' lang='lat' dir='ltr'><strong>ignorans</strong></span> <span class='ocrx_word' id='word_1_307' title='bbox 927 3805 1086 3888; x_wconf 80' lang='lat' dir='ltr'><strong>integrum</strong></span> <span class='ocrx_word' id='word_1_308' title='bbox 1110 3804 1248 3886; x_wconf 83' lang='lat' dir='ltr'><strong>legatum</strong></span> <span class='ocrx_word' id='word_1_309' title='bbox 1274 3804 1326 3866; x_wconf 89' lang='lat' dir='ltr'><strong>le-</strong></span> 
     </span>
    </p>
   </div>
   <div class='ocr_carea' id='block_1_3' title="bbox 126 3939 326 3952">
    <p class='ocr_par' dir='ltr' id='par_1_7' title="bbox 126 3939 326 3952">
     <span class='ocr_line' id='line_1_36' title="bbox 126 3939 326 3952; baseline 0.015 -3"><span class='ocrx_word' id='word_1_310' title='bbox 126 3939 326 3952; x_wconf 50' lang='lat'><strong>*—</strong></span> 
     </span>
    </p>
   </div>
   <div class='ocr_carea' id='block_1_4' title="bbox 159 4022 680 4166">
    <p class='ocr_par' dir='ltr' id='par_1_8' title="bbox 159 4022 680 4166">
     <span class='ocr_line' id='line_1_37' title="bbox 159 4022 680 4166; baseline 0.006 -19"><span class='ocrx_word' id='word_1_311' title='bbox 159 4022 680 4166; x_wconf 48' lang='grc' dir='ltr'><strong>ιῙιζιΙιῖιιιῦῗῗιΞῚιι)ἓ</strong></span> 
     </span>
    </p>
   </div>
   <div class='ocr_carea' id='block_1_5' title="bbox 674 4023 1323 4238">
    <p class='ocr_par' dir='ltr' id='par_1_9' title="bbox 674 4023 1323 4238">
     <span class='ocr_line' id='line_1_38' title="bbox 674 4023 1048 4084; baseline 0.006 -6.137"><span class='ocrx_word' id='word_1_312' title='bbox 674 4027 720 4080; x_wconf 99' lang='grc' dir='ltr'><strong>Ι</strong></span> <span class='ocrx_word' id='word_1_313' title='bbox 738 4028 765 4080; x_wconf 91' lang='lat' dir='ltr'>h</span> <span class='ocrx_word' id='word_1_314' title='bbox 783 4034 801 4080; x_wconf 82' lang='lat' dir='ltr'><strong>t</strong></span> <span class='ocrx_word' id='word_1_315' title='bbox 822 4029 854 4081; x_wconf 81' lang='lat' dir='ltr'><strong>ir</strong></span> <span class='ocrx_word' id='word_1_316' title='bbox 873 4023 916 4080; x_wconf 83' lang='lat'><strong>77.</strong></span> <span class='ocrx_word' id='word_1_317' title='bbox 935 4023 966 4080; x_wconf 83' lang='lat' dir='ltr'><strong>D.</strong></span> <span class='ocrx_word' id='word_1_318' title='bbox 987 4031 1048 4084; x_wconf 80' lang='lat' dir='ltr'><strong>eod.</strong></span> 
     </span>
     <span class='ocr_line' id='line_1_39' title="bbox 704 4095 1323 4166; baseline 0.003 -16"><span class='ocrx_word' id='word_1_319' title='bbox 704 4098 727 4160; x_wconf 91' lang='lat'>5.</span> <span class='ocrx_word' id='word_1_320' title='bbox 745 4098 771 4150; x_wconf 87' lang='grc'><strong>2.</strong></span> <span class='ocrx_word' id='word_1_321' title='bbox 791 4098 823 4150; x_wconf 90' lang='lat' dir='ltr'>D</span> <span class='ocrx_word' id='word_1_322' title='bbox 841 4100 903 4152; x_wconf 85' lang='lat' dir='ltr'><strong>eod.</strong></span> <span class='ocrx_word' id='word_1_323' title='bbox 950 4097 980 4166; x_wconf 90' lang='lat'><strong>4)</strong></span> <span class='ocrx_word' id='word_1_324' title='bbox 999 4103 1042 4154; x_wconf 84' lang='lat' dir='ltr'><strong>Fr.</strong></span> <span class='ocrx_word' id='word_1_325' title='bbox 1062 4099 1104 4153; x_wconf 87' lang='grc'><strong>32.</strong></span> <span class='ocrx_word' id='word_1_326' title='bbox 1123 4098 1146 4160; x_wconf 91' lang='grc'><strong>5.</strong></span> <span class='ocrx_word' id='word_1_327' title='bbox 1165 4097 1191 4152; x_wconf 82' lang='grc'><strong>4.</strong></span> <span class='ocrx_word' id='word_1_328' title='bbox 1210 4095 1242 4150; x_wconf 87' lang='lat' dir='ltr'><strong>D.</strong></span> <span class='ocrx_word' id='word_1_329' title='bbox 1262 4098 1323 4152; x_wconf 86' lang='lat' dir='ltr'><strong>eod.</strong></span> 
     </span>
     <span class='ocr_line' id='line_1_40' title="bbox 705 4167 1233 4238; baseline 0 -16"><span class='ocrx_word' id='word_1_330' title='bbox 705 4167 736 4220; x_wconf 86' lang='lat' dir='ltr'><strong>D.</strong></span> <span class='ocrx_word' id='word_1_331' title='bbox 754 4169 798 4234; x_wconf 89' lang='grc'><strong>39,</strong></span> <span class='ocrx_word' id='word_1_332' title='bbox 817 4170 834 4222; x_wconf 84' lang='lat'>6</span> <span class='ocrx_word' id='word_1_333' title='bbox 854 4169 1008 4236; x_wconf 80' lang='lat' dir='ltr'><strong>(dementis</strong></span> <span class='ocrx_word' id='word_1_334' title='bbox 1027 4190 1099 4228; x_wconf 81' lang='lat' dir='ltr'><strong>caus.</strong></span> <span class='ocrx_word' id='word_1_335' title='bbox 1120 4168 1233 4238; x_wconf 81' lang='lat' dir='ltr'><strong>donat).</strong></span> 
     </span>
    </p>
   </div>
   <div class='ocr_carea' id='block_1_6' title="bbox 143 4096 1211 4592">
    <p class='ocr_par' dir='ltr' id='par_1_10' title="bbox 143 4096 1211 4592">
     <span class='ocr_line' id='line_1_41' title="bbox 590 4096 683 4151; baseline 0.023 -2"><span class='ocrx_word' id='word_1_336' title='bbox 590 4100 614 4150; x_wconf 86' lang='lat' dir='ltr'><strong>ir</strong></span> <span class='ocrx_word' id='word_1_337' title='bbox 641 4096 683 4151; x_wconf 89' lang='grc'><strong>55.</strong></span> 
     </span>
     <span class='ocr_line' id='line_1_42' title="bbox 159 4115 684 4232; baseline 0 -12"><span class='ocrx_word' id='word_1_338' title='bbox 159 4115 684 4232; x_wconf 68' lang='lat' dir='ltr'><strong>o)o.2-t.po...1oon....tn28</strong></span> 
     </span>
     <span class='ocr_line' id='line_1_43' title="bbox 159 4235 941 4430; baseline 0.001 -140"><span class='ocrx_word' id='word_1_339' title='bbox 159 4235 243 4430; x_wconf 51' lang='lat'><strong>{315</strong></span> <span class='ocrx_word' id='word_1_340' title='bbox 251 4237 320 4362; x_wconf 53' lang='grc' dir='ltr'><strong>Ἥ).</strong></span> <span class='ocrx_word' id='word_1_341' title='bbox 332 4239 528 4364; x_wconf 39' lang='grc' dir='ltr'><strong>ἑέὶιθΙιΑὗι</strong></span> <span class='ocrx_word' id='word_1_342' title='bbox 532 4239 580 4364; x_wconf 70' lang='lat' dir='ltr'>.d5.</span> <span class='ocrx_word' id='word_1_343' title='bbox 600 4239 643 4294; x_wconf 90' lang='grc'><strong>19.</strong></span> <span class='ocrx_word' id='word_1_344' title='bbox 660 4243 691 4294; x_wconf 80' lang='lat' dir='ltr'><strong>fr.</strong></span> <span class='ocrx_word' id='word_1_345' title='bbox 707 4238 751 4294; x_wconf 94' lang='grc'><strong>7.3</strong></span> <span class='ocrx_word' id='word_1_346' title='bbox 768 4261 808 4310; x_wconf 87' lang='lat' dir='ltr'><strong>pr.</strong></span> <span class='ocrx_word' id='word_1_347' title='bbox 828 4239 859 4294; x_wconf 89' lang='lat' dir='ltr'><strong>D.</strong></span> <span class='ocrx_word' id='word_1_348' title='bbox 879 4241 941 4296; x_wconf 87' lang='lat' dir='ltr'><strong>eod.</strong></span> 
     </span>
     <span class='ocr_line' id='line_1_44' title="bbox 230 4327 542 4365; baseline 0.016 -5"><span class='ocrx_word' id='word_1_349' title='bbox 230 4327 244 4360; x_wconf 88' lang='lat' dir='ltr'><strong>r</strong></span> <span class='ocrx_word' id='word_1_350' title='bbox 245 4348 489 4362; x_wconf 90' lang='grc'><strong>.....</strong></span> <span class='ocrx_word' id='word_1_351' title='bbox 509 4327 542 4365; x_wconf 87' lang='lat' dir='ltr'><strong>eo</strong></span> 
     </span>
     <span class='ocr_line' id='line_1_45' title="bbox 160 4376 1114 4446; baseline 0.005 -15.102"><span class='ocrx_word' id='word_1_352' title='bbox 160 4376 602 4446; x_wconf 77' lang='lat' dir='ltr'><strong>8.......)F1788754Dacd</strong></span> <span class='ocrx_word' id='word_1_353' title='bbox 703 4378 1114 4446; x_wconf 59' lang='lat' dir='ltr'><strong>omnimedens</strong></span> 
     </span>
     <span class='ocr_line' id='line_1_46' title="bbox 143 4449 1211 4521; baseline 0.001 -18"><span class='ocrx_word' id='word_1_354' title='bbox 143 4449 239 4516; x_wconf 87' lang='lat' dir='ltr'><strong>10)c.</strong></span> <span class='ocrx_word' id='word_1_355' title='bbox 258 4449 301 4503; x_wconf 87' lang='grc'><strong>22.</strong></span> <span class='ocrx_word' id='word_1_356' title='bbox 321 4451 344 4513; x_wconf 95' lang='grc'><strong>5.</strong></span> <span class='ocrx_word' id='word_1_357' title='bbox 364 4449 406 4505; x_wconf 87' lang='lat'><strong>14.</strong></span> <span class='ocrx_word' id='word_1_358' title='bbox 427 4454 457 4506; x_wconf 82' lang='lat'><strong>0.</strong></span> <span class='ocrx_word' id='word_1_359' title='bbox 478 4453 504 4516; x_wconf 86' lang='lat'><strong>6,</strong></span> <span class='ocrx_word' id='word_1_360' title='bbox 521 4452 556 4507; x_wconf 83' lang='grc'><strong>30</strong></span> <span class='ocrx_word' id='word_1_361' title='bbox 574 4452 621 4518; x_wconf 81' lang='lat' dir='ltr'><strong>(de</strong></span> <span class='ocrx_word' id='word_1_362' title='bbox 638 4454 696 4504; x_wconf 82' lang='lat' dir='ltr'><strong>lure</strong></span> <span class='ocrx_word' id='word_1_363' title='bbox 714 4453 906 4521; x_wconf 78' lang='lat' dir='ltr'><strong>deliberandi).</strong></span> <span class='ocrx_word' id='word_1_364' title='bbox 926 4455 994 4509; x_wconf 80' lang='lat' dir='ltr'><strong>Non.</strong></span> <span class='ocrx_word' id='word_1_365' title='bbox 1014 4454 1038 4507; x_wconf 87' lang='lat'><strong>1.</strong></span> <span class='ocrx_word' id='word_1_366' title='bbox 1057 4471 1080 4508; x_wconf 83' lang='lat' dir='ltr'><strong>e.</strong></span> <span class='ocrx_word' id='word_1_367' title='bbox 1098 4451 1167 4514; x_wconf 73' lang='grc'><strong>25.</strong></span> <span class='ocrx_word' id='word_1_368' title='bbox 1185 4449 1211 4504; x_wconf 81' lang='grc'><strong>2.</strong></span> 
     </span>
     <span class='ocr_line' id='line_1_47' title="bbox 144 4519 828 4592; baseline 0.006 -18"><span class='ocrx_word' id='word_1_369' title='bbox 144 4519 743 4592; x_wconf 66' lang='lat' dir='ltr'><strong>11)o.18.o.u.cnerogann0v.1</strong></span> <span class='ocrx_word' id='word_1_370' title='bbox 761 4539 784 4578; x_wconf 86' lang='grc' dir='ltr'><strong>ο.</strong></span> <span class='ocrx_word' id='word_1_371' title='bbox 803 4522 828 4578; x_wconf 89' lang='grc'><strong>2.</strong></span> 
     </span>
    </p>
   </div>
   <div class='ocr_carea' id='block_1_7' title="bbox 0 0 1536 4966">
    <p class='ocr_par' dir='ltr' id='par_1_11' title="bbox 0 0 1536 4966">
     <span class='ocr_line' id='line_1_48' title="bbox 0 0 1536 4966; baseline 0 0"><span class='ocrx_word' id='word_1_372' title='bbox 0 0 1536 4966; x_wconf 95' lang='lat' dir='ltr'><strong> </strong></span> 
     </span>
    </p>
   </div>
  </div>
 </body>
</html>
