3064 4966
198 332 252 392 188
521 343 722 384 rarrrrurrona
743 342 816 382 ruam
835 342 939 382 nonani
956 341 1077 382 sarvam.

198 477 382 540 universum
412 473 543 537 heredis
570 475 702 553 luisset,
735 473 830 537 alioui
852 473 1000 538 collatum
1022 475 1097 554 quid
1120 474 1280 562 vellat1),
1315 475 1399 559 legis

199 575 292 640 modo
316 577 338 638 i.
363 594 392 638 e.
412 575 562 638 civilibus
585 575 638 638 vel
657 575 852 657 imperativis
874 575 982 636 verbis
1005 574 1037 638 id
1058 575 1206 638 ordinare
1230 577 1339 640 debuit
1351 576 1399 662 ²):

200 685 232 742 et
253 669 324 740 ideo
349 675 420 738 talis
440 675 591 740 delibatio
614 675 687 761 (seu
707 675 849 761 donatio)
873 675 1003 755 tapetum
1024 675 1253 756 appellabatur.

240 779 313 842 llox
342 781 446 840 autem
470 777 658 858 prudentum
688 777 874 841 auctoritate
904 782 999 848 certa
1029 776 1243 858 solennesque
1271 777 1401 862 legendi

200 877 342 943 formula
363 877 551 940 introducta
571 883 661 954 sunt,
693 895 824 959 quarum
846 877 994 942 adcurata
1016 879 1278 958 interpretatione
1301 884 1401 942 totum

199 981 268 1044 lere
288 980 464 1062 legatorum
487 979 537 1040 ius
558 980 787 1042 continebatur.
831 978 1117 1061 Distinguebantur
1151 981 1232 1043 enim
1264 985 1401 1060 quatuor

200 1081 376 1164 legatorum
401 1099 537 1163 genera,
566 1097 699 1160 quorum
722 1083 785 1142 vim
809 1085 840 1142 et
860 1085 1046 1161 potestatem
1070 1078 1221 1161 Ulpianus
1253 1082 1286 1143 in
1308 1081 1402 1164 frag-

199 1183 312 1245 mentis
335 1181 390 1244 his.
409 1181 517 1243 verbis
542 1181 694 1244 delinivit.
1069 1171 1078 1185 ⁸

245 1286 275 1366 ς.
288 1283 360 1347 671.
404 1282 559 1366 Legamus
584 1288 686 1345 autem
705 1288 840 1364 quatuor
857 1283 968 1360 modis,
993 1301 1051 1362 per
1066 1281 1320 1359 vindicationem,
1343 1299 1404 1362 par

201 1384 439 1460 damnationem,
462 1383 586 1446 sinendi
606 1383 708 1460 modo,
730 1401 788 1463 per
799 1385 1052 1464 praeceptionem.
1087 1381 1147 1445 Per
1158 1382 1405 1445 vindicationem

205 1487 254 1549 his
277 1485 384 1547 verbis
406 1484 568 1566 legamus:
600 1481 649 1562 do,
674 1483 749 1563 lopo,
777 1485 894 1563 capito,
918 1483 1042 1557 samito,
1061 1481 1121 1544 sibi
1139 1481 1299 1568 bobetoi).
1342 1481 1405 1544 Per

205 1586 431 1650 damnationem
455 1586 503 1648 his
528 1585 655 1648 verbis:
677 1584 767 1647 boec
789 1603 872 1648 meaa
894 1585 1023 1646 domnos
1044 1590 1109 1646 cato
1128 1583 1215 1664 dore,
1239 1583 1323 1661 doto,
1348 1584 1406 1663 fa-

206 1688 278 1764 cito,
300 1685 440 1748 heredem
459 1704 556 1747 meam
572 1687 680 1767 fucere
699 1685 838 1774 tabem).
874 1688 1002 1751 Sinendi
1024 1686 1115 1750 modo
1133 1687 1191 1748 ita:
1214 1685 1304 1746 borea
1318 1701 1406 1746 maus

205 1789 334 1852 domnos
358 1787 706 1864 considerabamus
732 1788 840 1851 Titiam
865 1805 986 1864 sumere
1011 1787 1093 1848 ittam
1118 1805 1183 1848 rem
1205 1784 1322 1866 cibique
1342 1785 1406 1846 bo-

204 1892 277 1954 bere
290 1893 331 1978 ⁵).
363 1889 422 1951 Per
437 1891 677 1971 preceptionem
691 1891 755 1952 sic:
777 1889 892 1952 Lucius
909 1889 1006 1952 litiae
1019 1889 1100 1950 illum
1112 1905 1178 1949 ram
1189 1887 1352 1968 praeapin
1362 1887 1405 1973 ⁶).

246 1997 277 2076 ξ.
291 1991 363 2056 672.
407 1991 466 2052 Per
486 1990 727 2053 vindicationem
741 1989 843 2074 legari
860 1997 993 2072 possunt
1005 2007 1069 2067 res,
1092 2007 1162 2070 quae
1175 1995 1309 2069 utroque
1322 1993 1407 2049 tem-

204 2112 283 2176 pore
308 2110 347 2154 ex
367 2093 437 2152 iure
462 2089 629 2163 Quiritium
660 2093 820 2154 testatoris
850 2097 939 2154 erant
977 2093 998 2154 i.
1021 2110 1050 2154 e.
1077 2091 1186 2154 mortis
1216 2095 1247 2152 et
1278 2086 1406 2169 quando

206 2199 425 2257 testamentum
450 2191 601 2254 iaciebat:
634 2199 842 2273 praeterquam
864 2195 890 2255 si
912 2192 1064 2275 pondere,
1086 2210 1234 2268 numero,
1257 2206 1407 2252 mensura

209 2289 446 2368 contineantun
481 2296 514 2356 in
534 2293 583 2355 bis
606 2297 687 2356 enim
709 2295 785 2356 satis
809 2301 868 2372 est,
895 2297 921 2356 si
939 2293 997 2356 'vel
1019 2295 1127 2356 mortis
1151 2292 1301 2354 duntaxat
1322 2295 1407 2352 tem-

205 2415 284 2480 pore
315 2395 433 2457 luerint
465 2397 622 2456 testantis·
641 2413 681 2456 ex
711 2396 781 2457 iure
816 2393 1033 2482 Quiritiuml).
1085 2393 1145 2456 Per
1177 2392 1408 2455 damnationem

207 2513 315 2563 omnes
337 2513 389 2558 res
411 2495 513 2578 legari
530 2501 672 2575 possunt,
695 2496 787 2557 etiam
802 2513 872 2576 quau
883 2513 946 2558 non
958 2501 1032 2558 sunt
1044 2496 1218 2570 testatoris,
1241 2491 1410 2556 dummodo

207 2597 286 2661 tales
309 2597 381 2671 sint,
406 2612 475 2674 quae
496 2595 564 2656 dari
587 2600 720 2674 possunt
733 2584 771 2678 θ’).
816 2595 943 2658 Sinendi
965 2594 1058 2658 modo
1081 2593 1183 2677 legari
1206 2599 1339 2674 possunt
1355 2609 1409 2654 ras

207 2700 344 2782 propria
372 2697 532 2759 testatoris
563 2701 595 2757 et
622 2696 752 2758 heredis
783 2696 901 2782 elusi).
933 2695 1004 2758 ·Per
1033 2697 1276 2777 preceptionem
1305 2695 1411 2777 legari

208 2777 353 2884 possunt,
379 2815 449 2878 qua
472 2799 564 2860 etiam
588 2817 646 2878 per
663 2797 904 2860 vindicationem
919 2797 967 2886 ¹⁰).
1022 2797 1053 2860 Si
1077 2815 1113 2858 ea
1142 2813 1214 2872 res,
1248 2812 1318 2876 quae
1346 2811 1411 2857 non

209 2899 269 2960 luit
290 2903 426 2978 utroque
448 2899 788 2979 tenporetestatcris,
819 2916 859 2960 ex
882 2901 951 2960 iure
981 2896 1147 2970 Quiritium
1177 2914 1235 2976 per
1263 2894 1412 2956 vindica-

212 3003 327 3063 tionem
349 2999 453 3082 legata
477 3002 528 3075 sit,
552 2999 627 3062 licet
648 3001 717 3061 iure
740 2999 826 3062 civili
849 3017 911 3062 non
932 2999 1037 3062 valeat
1058 2999 1214 3081 legatum,
1231 3001 1332 3058 tamen
1354 3011 1412 3056 sc-

210 3099 448 3162 natusconsulto
470 3099 650 3162 Neroniano
671 3099 821 3176 firmatur,
845 3117 907 3180 quo
927 3105 1049 3162 cautum
1062 3103 1121 3174 est,
1142 3103 1187 3173 ut,
1210 3095 1293 3177 quod
1307 3095 1411 3156 minus

211 3201 293 3282 aptis
316 3199 424 3262 verbis
447 3200 586 3283 legatum
611 3206 670 3277 est,
695 3200 826 3280 perinde
851 3201 902 3278 sit,
926 3201 1013 3263 acsi
1037 3200 1152 3280 optimo
1175 3199 1245 3258 iure
1269 3194 1411 3278 legatum

213 3355 411 3368 ———-·-—-—-

246 3455 274 3522 1)
293 3457 335 3506 Fr.
359 3455 418 3508 116.
436 3458 469 3507 D.
488 3455 523 3512 30
543 3455 591 3524 (de
610 3459 690 3524 legat.
709 3455 752 3523 1.).
815 3513 818 3520 ,

246 3526 273 3594 2)
293 3529 362 3579 Nam
380 3529 427 3579 lex
444 3539 493 3578 111.
513 3531 581 3580 Tab.
601 3535 743 3582 statueret:
761 3531 808 3582 oti
823 3531 942 3596 deposcit,
960 3531 1003 3580 ito
1019 3531 1063 3582 iac
1080 3537 1145 3582 estc.

245 3597 274 3666 3>
294 3601 336 3650 Ita
356 3605 383 3650 et
402 3600 463 3650 Gai.
482 3599 505 3658 §-
527 3599 586 3652 1932
624 3601 746 3667 Theoph.
766 3599 803 3650 ad
822 3599 844 3659 ἓ.
864 3601 888 3652 2.
911 3601 932 3650 Ι.
952 3600 978 3650 h.
997 3605 1015 3650 t.

244 3668 273 3736 4)
295 3671 355 3721 Gai.
372 3671 409 3722 ib.
429 3669 452 3729 ἓ.
471 3670 671 3793 201.6ΤὴοορΙι.
691 3672 757 3723 ibid.
858 3668 886 3737 5)
907 3671 966 3723 Gai.
983 3671 1020 3722 ib.
1040 3669 1062 3728 §-
1081 3668 1142 3722 209.
1162 3669 1283 3735 Theoph.
1302 3667 1371 3720 ibid.

246 3741 560 3800 domanam.
886 3772 889 3776 ·
1312 3791 1314 3794 .

246 3741 275 3879 73
297 3813 356 3864 Gai.
377 3812 399 3872 §-
419 3812 478 3865 196.
515 3815 583 3868 Ideo
601 3830 650 3881 per
675 3814 883 3866 vindicationem
901 3813 1067 3882 appellatur,
1095 3811 1168 3881 quod
1187 3810 1334 3877 legatarius
1352 3813 1415 3878 post

211 3885 358 3937 aditionem
376 3885 539 3950 hereditatis,
558 3901 614 3937 ram
632 3889 749 3952 legatam
768 3885 905 3938 vindicare
923 3889 1025 3952 potest,
1053 3885 1098 3935 ael
1122 3885 1156 3935 ab
1180 3882 1281 3934 herede
1306 3882 1352 3932 vel
1378 3880 1414 3930 ab

212 3962 341 4010 extraneo
362 3955 421 4006 Gai.
440 3957 458 4006 1.
479 3973 502 4007 o.
525 3959 547 4016 ἓ.
567 3955 627 4009 194.
664 3959 712 4010 Est
730 3973 793 4024 ergo
819 3958 871 4008 hoo
899 3957 1019 4023 legatum
1041 3957 1158 4008 dominii
1175 3954 1218 4006 vel
1245 3953 1309 4004 luris
1327 3953 1356 4002 in
1375 3967 1414 4003 re.

212 4030 256 4080 Fr.
275 4027 318 4080 69.
339 4045 377 4093 pr.
396 4029 429 4078 D.
450 4025 495 4093 (de
513 4026 615 4095 legat).

249 4097 277 4164 8)
300 4100 358 4150 Gai.
377 4099 400 4158 ἓ.
419 4097 479 4151 202.
499 4097 559 4150 203.
598 4099 677 4162 Quod
700 4099 739 4150 ite
762 4099 879 4166 legatum
900 4098 947 4160 sit,
964 4097 992 4148 in
1010 4089 1152 4164 personam
1173 4095 1278 4146 actione
1293 4093 1348 4160 peti
1368 4091 1416 4144 de·

215 4171 279 4222 buit.
315 4170 364 4222 llst
383 4185 445 4236 ergo
466 4170 518 4221 hoo
537 4172 657 4238 legatum
674 4173 848 4236 oblatrationes
868 4166 903 4233 (ἓ.
922 4167 982 4220 204.
1001 4165 1059 4232 ib).

251 4241 279 4308 9)
301 4241 361 4292 Hoc
383 4257 466 4307 genus
484 4243 566 4308 legati
590 4243 651 4308 plus
676 4242 781 4309 quidam
800 4242 897 4304 habet,
921 4256 1001 4308 quam
1027 4256 1074 4306 par
1092 4237 1310 4298 vindicationem,
1326 4234 1418 4286 minua

216 4317 306 4364 autem
331 4328 411 4380 quam
429 4329 482 4434 poa
496 4313 710 4365 damnationem:
739 4313 803 4380 quia
823 4317 850 4364 et
867 4327 909 4364 rea
926 4311 1033 4363 heredis
1057 4316 1083 4362 et
1109 4311 1199 4361 futura
1216 4307 1301 4375 legari
1317 4309 1417 4372 potest

218 4384 277 4437 Gal.
298 4383 320 4443 ἓ.
340 4382 460 4436 elo-21
484 4421 490 4433 .

231 4452 278 4522 10)
298 4447 339 4506 Ab
356 4455 394 4506 ita
415 4459 441 4506 at
459 4458 587 4506 extraneo
607 4454 691 4518 legari
709 4455 800 4520 possit,
821 4453 977 4519 disputatur.
1012 4451 1071 4504 Gal.
1093 4449 1115 4510 §-
1136 4445 1285 4502 217-223.
1322 4447 1371 4498 Est
1389 4451 1419 4498 et

213 4527 267 4580 hoc
284 4527 403 4594 legatum
426 4526 547 4579 dominii:
569 4525 618 4579 aad
634 4526 757 4592 petitura
768 4524 902 4578 coherede
910 4539 959 4592 per
967 4525 1077 4580 familia
1085 4519 1269 4575 herciscunda
1277 4517 1417 4576 iudicium.
