3082 4976
628 347 721 386 ’1011111
739 347 845 388 (mm.

633 477 761 542 CAPUT
783 477 835 540 tv.

573 611 621 674 Dc
645 609 741 674 tutelo
762 612 793 674 ct
813 623 900 670 cura.
1270 699 1291 748 1³

1293 712 1336 764 ag.

135 791 230 856 Titui.
261 791 284 852 i.
387 789 434 851 Dc
457 787 556 852 tutela
585 830 1233 848 .............
1297 787 1338 852 60

179 937 195 972 „
261 891 317 974 ΙΙ.1
389 889 449 963 Qui
473 893 659 952 testamento
683 894 805 952 tutores
829 887 904 950 dare
930 893 1064 968 possunt
1119 933 1126 948 .
1173 932 1180 946 .
1226 933 1233 947 .
1296 887 1335 952 61

178 1039 194 1074 ,‚
259 991 313 1059 111.
386 989 432 1054 De
456 991 597 1074 legitima
620 989 718 1052 tutela
747 1033 1233 1052 ..........
1297 989 1338 1053 62

177 1137 193 1174 „
258 1093 309 1156 lv,
386 1092 432 1154 Dc
453 1098 558 1154 tutore
580 1111 597 1154 a
619 1094 806 1176 magistratu
828 1092 900 1154 dato
960 1137 1233 1153 ......
1297 1091 1338 1156 62

179 1237 195 1272 „
260 1191 295 1252 V.
387 1190 432 1254 De
454 1193 641 1256 anctoritate
665 1198 696 1256 et
720 1192 988 1256 administratione
1009 1197 1180 1256 tutorum.
1227 1239 1233 1254 .
1297 1193 1338 1258 63

178 1337 194 1372 ,,
257 1292 309 1354 vl.
384 1291 504 1364 Quibus
526 1293 628 1356 modis
651 1294 749 1356 tutela
771 1284 878 1356 finitur
906 1339 1127 1356 .....
1163 1277 1180 1354 ’.
1225 1340 1233 1354 .
1297 1292 1338 1360 65

177 1441 194 1473 „
259 1393 326 1456 vti.
383 1393 429 1456 De
451 1395 651 1458 curatoribus
690 1441 696 1455 .
743 1441 749 1456 .
797 1442 804 1456 .
850 1443 858 1457 .
904 1423 911 1438 ·
959 1440 1232 1456 ......
1297 1391 1338 1457 66

179 1541 195 1574 ,,
261 1493 343 1556 vlit.
379 1493 426 1558 De
450 1496 708 1560 satisdationibus
733 1503 870 1562 tutorum
895 1502 926 1558 ct
949 1502 1128 1558 curatorum
1174 1539 1181 1554 .
1227 1540 1233 1554 .
1297 1492 1339 1557 68

179 1640 195 1674 ,,
261 1593 313 1655 ΙΧ.
379 1595 438 1667 Qui
461 1602 582 1660 tutores
605 1597 658 1660 vel
680 1604 844 1661 curatores
868 1615 939 1660 esse
961 1617 1023 1682 non
1048 1601 1182 1678 possunt
1226 1642 1233 1656 .
1298 1593 1338 1660 69

177 1740 193 1774 ‚‚
257 1694 296 1756 X.
382 1696 430 1759 De
452 1699 709 1762 excusationibus
731 1707 868 1764 tutorum
892 1700 944 1762 vel
967 1705 1179 1762 curatorum.
1225 1744 1232 1757 .
1299 1697 1339 1760 to

177 1841 193 1874 „
257 1795 311 1857 xi.
377 1796 424 1860 De
446 1803 605 1882 suspectis
628 1802 785 1864 tutoribus
809 1808 840 1864 et
862 1801 1060 1863 curatoribus
1120 1844 1127 1860 .
1174 1844 1181 1859 .
1227 1843 1233 1858 .
1298 1796 1336 1860 71

500 1962 662 2034 LIBER
688 1960 975 2032 SECUNDUS.

376 2109 435 2182 Dc
459 2109 567 2182 rebus
594 2115 630 2179 et
656 2107 954 2204 acquisitionibus
977 2129 1112 2178 curum.

610 2269 710 2334 PARS
734 2269 862 2332 PRIOR.
881 2329 887 2340 .

129 2401 179 2467 Dc
200 2421 306 2466 ruam
329 2401 480 2524 &cisione
501 2411 531 2467 ct
548 2403 798 2487 quemadmodum
812 2404 940 2484 sispaloe
955 2423 1007 2468 ros
1019 2404 1107 2467 aobis
1119 2403 1333 2485 acquirantur.

644 2563 771 2626 CAPUT
793 2562 818 2624 1.

190 2697 239 2761 Dc
260 2695 393 2758 uversts
417 2713 522 2758 reram
542 2693 744 2757 divisionibus
766 2700 796 2755 et
815 2693 853 2756 de
873 2694 1062 2774 acquirendo
1083 2695 1285 2775 possessione.

137 2857 232 2920 uitat.
263 2857 286 2918 1.
336 2915 339 2925 ,
388 2857 434 2919 De
457 2856 553 2918 rebus
577 2852 795 2935 corporalibus
848 2900 1229 2917 ........
1298 2857 1337 2921 73

179 3005 195 3038 ‚‚
263 2957 301 3018 u.
387 2957 435 3020 De
457 2957 553 3019 rebus
575 2955 859 3036 incorporalibus.
890 3001 912 3015 ..
959 3001 966 3015 .
1013 3001 1020 3015 .
1067 3000 1073 3015 .
1119 3001 1126 3014 .
1173 3001 1179 3015 .
1226 3003 1232 3017 .
1298 2959 1336 3021 ii

182 3105 198 3138 „
264 3057 318 3120 111.
390 3057 437 3121 De
458 3057 650 3138 acquirenda
670 3062 702 3118 et
728 3056 894 3119 amittenda
909 3073 1014 3118 rerum
1028 3057 1232 3136 possessione
1297 3060 1337 3124 to

642 3235 770 3300 CAPUT
789 3235 827 3298 11.
885 3258 888 3263 ·

628 3367 677 3430 De
697 3366 839 3430 dominio.

136 3503 232 3567 Titui.
264 3503 287 3566 t.
389 3499 525 3564 Dominii
547 3499 634 3561 notio
650 3503 743 3578 atque
757 3503 867 3561 natura
886 3503 947 3561 tarn
964 3517 1004 3562 ex
1018 3500 1088 3564 iure
1107 3520 1237 3568 romano

431 3598 614 3676 recentiori,
638 3616 730 3680 quana
752 3601 880 3680 antiquo
905 3645 1231 3666 .......
1296 3606 1338 3670 84

178 3747 195 3783 „
260 3699 299 3763 11.
385 3701 433 3761 lte
459 3699 666 3780 occupatione
691 3716 796 3762 rerurn
816 3699 935 3762 nullius
959 3745 1233 3766 ......
1297 3705 1338 3770 88

179 3849 195 3884 „
261 3801 315 3866 111.
385 3803 432 3864 De
458 3801 696 3864 accessionibus
742 3846 1231 3867 ..........
1296 3807 1338 3872 90
1368 3871 1371 3894 ι

178 3951 193 3985 ,‚
260 3903 311 3966 tv.
382 3901 430 3965 De
453 3901 653 3966 traditione.
742 3943 1230 3968 ..........
1296 3907 1337 3974 95

179 4050 195 4084 ,‚
261 4002 297 4065 V.
381 4003 429 4066 De
453 4003 699 4084 usucapionibus
726 4008 757 4065 et
780 4003 1069 4084 praeseriptionibus
1115 4051 1123 4066 .
1171 4051 1177 4066 .
1224 4052 1231 4066 .
1296 4007 1336 4071 97

177 4152 194 4185 ,,
260 4104 312 4168 Vl.
377 4101 426 4168 De
448 4105 517 4168 aliis
540 4104 724 4186 quibusdam
746 4121 851 4167 rerurn
874 4103 1074 4188 singularum
1096 4107 1237 4186 acquisi-

429 4206 568 4272 tionibus
636 4249 1230 4268 ............
1275 4205 1338 4272 102

176 4351 192 4388 „
259 4305 326 4368 vti.
384 4305 444 4370 Per
465 4324 543 4387 quas
566 4323 718 4388 personas
741 4306 832 4370 nobis
854 4307 1029 4387 acquiritur
1064 4351 1071 4366 .
1118 4351 1125 4366 .
1171 4351 1178 4366 .
1225 4351 1231 4366 .
1276 4305 1338 4370 102

178 4452 194 4486 „
259 4405 342 4470 vlu.
386 4408 507 4482 Quibus
532 4426 571 4470 ex
594 4409 699 4472 causis
722 4407 892 4472 dominium
913 4407 1005 4472 nobis
1027 4407 1179 4470 amittitur
1225 4451 1232 4466 .
1276 4405 1337 4470 105

177 4551 194 4586 ‚,
259 4505 313 4570 lX.
386 4507 507 4584 Quibus
529 4509 670 4573 alienare
692 4506 768 4572 licet
788 4507 841 4572 vel
863 4525 926 4572 non
955 4548 1230 4568 ......
1276 4503 1336 4568 106

1400 1841 1430 1878 N
