3064 4966
209 312 264 380 '250
531 339 730 378 rurrrrurrona
752 339 826 379 ruam
845 341 949 380 nonni
968 341 1087 380 narrari.

251 469 283 532 Si
304 468 336 530 in
357 467 519 530 arbitrium
541 469 683 532 extranei
706 467 854 532 collatum
883 471 979 533 fuerit
1004 473 1156 552 pretium,
1189 471 1412 533 conditionalis

209 576 258 632 est
279 571 394 650 emptio
407 569 444 654 ¹).
489 568 705 648 Imperfectum
727 576 829 632 autem
851 577 900 633 est
921 575 1093 655 negotium,
1116 589 1185 634 cum
1215 589 1320 634 emere
1351 589 1413 632 vo-

209 669 286 732 lenti
317 672 365 731 sic
392 671 539 733 venditor
562 671 656 733 dicit:
690 671 797 757 quanti
828 673 921 751 aelia,
952 673 1059 753 quenti
1089 691 1207 754 equum
1236 671 1412 751 potaveris,
1508 743 1509 748 γ

208 769 315 849 quecui
336 770 550 846 estimem,
575 769 671 834 babes
696 779 828 851 emptum
841 774 881 860 ²).
1508 751 1509 780 ³

252 873 281 951 ξ.
295 869 366 934 873.
411 871 530 934 lustum
549 874 702 953 accipitur
725 876 869 954 pretium,
894 875 977 954 quod
1000 876 1101 936 minus
1125 891 1187 936 non
1212 878 1263 934 est
1285 871 1411 934 dimidia

208 975 297 1049 parte
319 971 367 1032 rei
391 970 527 1046 valoris;
562 973 689 1034 minoris
714 976 806 1053 pretii
833 974 974 1036 venditio
998 980 1099 1036 tamen
1121 973 1242 1036 inutilis
1266 991 1327 1036 non
1352 979 1412 1048 est,

209 1070 264 1132 sed
288 1072 473 1134 rescissioni
494 1071 680 1159 obnoxial).

252 1174 283 1254 ξ.
297 1171 369 1236 874.
413 1171 554 1234 Perfecta
587 1179 636 1234 est
664 1175 778 1254 emptio
807 1174 997 1254 simulatque
1027 1173 1066 1236 de
1106 1175 1209 1254 pretio
1243 1175 1410 1248 convenit,

209 1274 351 1352 quamvis
373 1277 508 1353 pretium
532 1273 668 1336 nondum
691 1275 847 1351 solutum,
871 1295 930 1337 nec
951 1277 1043 1337 arrbn
1057 1275 1183 1355 quidem
1204 1276 1274 1337 data
1291 1273 1413 1348 luerit;

209 1374 266 1435 sed
289 1373 373 1454 quod
393 1374 495 1436 arrbae
516 1377 641 1437 nomine
668 1375 771 1452 datur,
793 1380 1010 1458 argumentum
1035 1381 1083 1436 est
1104 1377 1269 1455 emptionis
1282 1381 1313 1436 et
1326 1393 1414 1436 ven-

211 1475 338 1538 ditionis
354 1475 569 1561 centraetae4‘).
614 1477 646 1539 Si
670 1479 796 1556 scriptis
810 1476 1018 1539 conficiuntur
1031 1478 1216 1556 emptiones,
1238 1495 1299 1539 non
1317 1477 1415 1538 aliter

210 1575 371 1656 perlectus
395 1581 444 1636 est
469 1581 664 1651 contractus,
698 1577 760 1638 nisi
794 1578 999 1638 instrumenta
1032 1577 1198 1656 emptionis
1229 1577 1350 1638 luerint
1383 1579 1414 1638 in

210 1676 357 1738 mundum
386 1683 514 1756 accepta
545 1676 896 1756 subscriptionibusque
924 1677 1055 1756 partium
1088 1676 1286 1750 confirmata,
1321 1682 1355 1738 et
1388 1678 1415 1737 si

210 1798 267 1861 per
286 1779 487 1841 tabellionem
514 1779 763 1854 conscribantur,
792 1779 884 1840 etiam
903 1778 941 1839 ab
958 1780 1026 1857 ipso
1040 1777 1192 1858 completa
1208 1783 1239 1840 et
1254 1783 1415 1858 postremo

211 1901 228 1942 a
251 1880 392 1960 partibus
413 1878 555 1940 absolute
579 1882 642 1939 sint
654 1878 695 1964 ⁵).

254 1979 369 2062 §.tte
415 1978 490 2040 Cum
513 1979 611 2061 igitur
632 1995 808 2040 consensus
832 1980 864 2040 in
891 1977 1100 2056 emptionibus
1126 1977 1326 2039 intercedere
1352 1978 1414 2040 de-

211 2082 284 2144 beat
292 2099 301 2155 ;
331 2082 401 2143 sive
424 2083 455 2142 in
476 2082 543 2161 ipsa
568 2083 725 2161 emptione
748 2080 954 2155 dissentiant,
985 2080 1109 2139 sivein
1132 2081 1252 2157 pretio,
1285 2081 1356 2140 sive
1381 2081 1412 2140 in

214 2199 276 2262 quo
296 2181 369 2260 alio,
393 2183 506 2262 emptio
528 2181 710 2263 imperfecte
734 2187 792 2258 est,
816 2181 916 2243 veluti
939 2182 966 2241 si
988 2181 1020 2240 in
1044 2197 1177 2258 corpore
1199 2197 1413 2258 pererrarem

213 2283 417 2358 dissentiant,
450 2288 504 2344 aut
529 2283 611 2344 siin
637 2284 704 2362 ipso
729 2299 861 2362 corpore
886 2299 948 2342 non
970 2285 1113 2356 erretur,
1146 2279 1202 2341 sed
1228 2281 1308 2341 siin
1332 2281 1415 2340 sub-

213 2385 325 2446 stantia
348 2401 440 2445 error
458 2386 514 2459 sit,
546 2389 580 2443 ut
602 2389 675 2464 puta
698 2387 725 2444 si
747 2389 867 2444 acetum
889 2399 946 2461 pro
972 2383 1063 2456 vino,
1098 2378 1147 2441 vel
1170 2379 1328 2460 plumbum
1353 2397 1414 2458 pro

212 2493 347 2570 argento
365 2487 492 2548 emitur.
538 2484 613 2545 ltem
636 2483 720 2545 nulla
745 2485 858 2564 emptio
883 2487 942 2558 est,
966 2483 993 2542 si
1017 2482 1087 2560 quis
1108 2498 1174 2541 rem
1197 2499 1284 2542 suam
1307 2480 1407 2561 igno-

213 2607 287 2652 rans
307 2590 392 2664 emit,
414 2587 466 2650 vel
488 2604 558 2666 quae
579 2589 610 2648 in
634 2604 738 2648 rerum
758 2592 869 2658 natura
894 2601 966 2646 esse
986 2583 1082 2644 desiit
1093 2581 1133 2666 ⁶).

255 2691 285 2772 ξ.
300 2688 371 2752 876.
416 2687 609 2768 Emptionem
635 2692 666 2748 et
687 2686 899 2748 venditionem
922 2683 1109 2746 contrahere
1132 2685 1265 2761 possunt
1291 2696 1417 2754 omnes,

214 2789 327 2870 quibus
356 2788 566 2870 obligationes
596 2791 760 2870 suscipere
789 2787 873 2848 licet.
919 2784 1078 2866 Singulari
1109 2789 1212 2844 tamen
1240 2781 1328 2854 iure,
1360 2781 1417 2858 qui

213 2889 308 2953 officii
329 2905 422 2950 causa
445 2890 476 2949 in
499 2891 661 2968 provincia
682 2889 749 2970 agit
769 2887 819 2948 vel
841 2885 963 2961 militat,
988 2884 1103 2964 praedia
1124 2897 1303 2960 comparare
1327 2881 1417 2941 inea

213 2990 386 3068 provincia,
409 2989 470 3049 nisi
492 2989 595 3048 victus
618 2987 791 3069 quotidiani
813 3003 926 3061 causa,
956 3002 1018 3046 non
1041 2988 1156 3063 potest,
1181 2982 1280 3045 veluti
1304 2985 1332 3044 si
1354 3001 1417 3062 pe-

216 3097 303 3152 terna
325 3089 393 3150 eius
419 3107 435 3148 a
458 3086 533 3148 tisco
556 3087 772 3148 distrahuntur
787 3086 824 3171 ⁷).
869 3084 967 3148 Simili
991 3083 1082 3145 modo
1106 3089 1192 3145 tutor
1213 3103 1278 3144 rem
1300 3083 1419 3163 pupilli

214 3207 319 3252 emere
341 3193 530 3269 nonpotest,
555 3187 636 3266 quod
651 3193 682 3248 et
700 3187 738 3248 ad
760 3192 934 3262 curatores,
958 3190 1179 3266 procuratores
1200 3191 1231 3245 et
1244 3185 1297 3263 qui
1310 3183 1417 3245 aliena

213 3291 340 3375 negotia
367 3295 493 3372 gerunt,
517 3289 693 3370 porrigitur
704 3289 742 3376 ⁸).
792 3305 796 3312 ·

256 3396 286 3473 §.
299 3390 370 3454 877.
415 3387 489 3450 Cum
512 3390 626 3468 emptio
651 3395 682 3450 et
702 3388 841 3450 venditio
855 3393 1014 3450 contracta
1033 3388 1085 3464 sit,
1108 3386 1319 3469 obligationes
1332 3388 1417 3449 inter

215 3486 386 3572 emptorem
410 3494 442 3552 et
460 3489 655 3552 venditorem
677 3491 835 3568 utrimque
856 3495 1044 3577 naseuntur:
1067 3488 1244 3568 perieulum
1263 3488 1319 3548 rei¹
1332 3499 1418 3549 ven-

215 3593 286 3654 ditae
313 3596 416 3652 autem
445 3591 548 3652 statim
578 3589 616 3652 ad
645 3596 816 3670 emptorem
844 3592 999 3671 pertinet,
1030 3589 1153 3650 tametsi
1175 3588 1277 3650 adhuc
1301 3606 1339 3648 ea
1362 3605 1416 3650 res

214 3689 411 3706 anu—n*

249 3733 277 3802 1)
300 3737 322 3796 §.
343 3737 366 3788 1.
385 3740 406 3788 Ι.
425 3737 451 3788 h.
470 3742 488 3787 t.
511 3739 541 3788 fr.
560 3732 586 3787 7.
606 3737 638 3786 D.
658 3737 684 3787 b.
703 3741 721 3786 t.
744 3753 767 3787 e.
786 3737 833 3787 ult.
860 3737 888 3788 G.
908 3737 968 3788 eod.
996 3737 1065 3788 Vide
1084 3737 1163 3788 etiam
1181 3739 1212 3786 fr.
1232 3731 1274 3786 37.
1295 3735 1328 3785 D.
1349 3736 1376 3784 h.
1398 3741 1417 3786 t.

214 3810 286 3860 Inter
307 3810 430 3877 antiquae
449 3809 571 3860 IOtorum
591 3808 698 3859 scholae
709 3823 741 3858 ee
753 3809 787 3858 de
799 3825 828 3859 re
840 3808 1033 3876 disputabatur.
1056 3807 1115 3859 Gai.
1124 3807 1148 3860 3.
1159 3808 1181 3866 ἓ.
1191 3804 1251 3858 140.
1265 3805 1287 3864 ἓ.
1298 3804 1321 3856 1.
1334 3807 1355 3856 Ι.
1363 3807 1392 3857 h.
1399 3813 1418 3857 t.

250 3875 279 3942 2)
298 3879 340 3930 Fr.
360 3878 403 3931 35.
426 3879 448 3938 ἓ.
471 3879 494 3931 1.
517 3882 549 3930 D.
570 3881 596 3929 h.
615 3885 675 3930 ae.
698 3877 739 3930 13.
760 3879 789 3930 G.
808 3879 868 3932 eod.
905 3880 1000 3931 Labeo
1020 3884 1047 3931 et
1065 3880 1173 3932 Cestius
1191 3879 1323 3932 eiusmodi
1343 3895 1418 3946 emp-

209 3951 314 4002 tionem
333 3951 416 4000 ullam
436 3951 490 4002 vim
509 3953 608 4002 habere
626 3955 798 4016 negauerant.
837 3950 894 4002 Gai.
911 3953 959 4001 111.
981 3949 1040 4003 140.

250 4017 278 4086 3)
296 4021 324 4071 O.
344 4019 368 4071 2.
391 4021 419 4072 G.
438 4021 464 4084 4,
482 4019 517 4072 44
537 4019 584 4087 (de
604 4023 717 4073 rescind.
737 4019 839 4086 vend).
939 4018 969 4084 4>
990 4025 1032 4073 Pr.
1051 4023 1071 4072 Ι.
1090 4024 1116 4074 h.
1134 4028 1153 4074 t.

250 4087 278 4156 5)
297 4092 387 4144 Verba
409 4107 431 4143 e.
451 4089 493 4145 17.
514 4093 542 4144 O.
559 4089 585 4155 4,
605 4093 636 4146 21
658 4091 705 4156 (de
723 4093 777 4144 fide
795 4089 1051 4157 instrumentorum).

249 4161 277 4228 6)
296 4164 337 4213 De
355 4164 397 4214 hie
416 4165 536 4216 omnibus
555 4167 601 4215 eir.
619 4164 682 4216 fell.
700 4182 740 4230 pr.
759 4163 781 4222 ἓ.
791 4161 840 4216 12.
859 4162 1092 4218 n.10.11.14.15.
1113 4161 1197 4216 fest.
1216 4164 1248 4214 ir.
1266 4177 1306 4226 pr.
1316 4161 1352 4212 D.
1361 4161 1387 4211 h.
1396 4167 1415 4212 t.

249 4231 277 4298 7)
298 4234 341 4285 Fr.
359 4232 383 4284 6.
402 4235 429 4284 in
445 4237 464 4286 f.
488 4237 522 4285 D.
543 4234 626 4297 l,16
655 4234 701 4301 (de
720 4235 788 4286 offic.
809 4233 953 4301 precone).
978 4239 1010 4288 fr.
1028 4235 1071 4288 46.
1099 4235 1121 4296 ἓ.
1141 4237 1165 4288 2.
1190 4237 1223 4285 D.
1240 4231 1290 4295 49,
1310 4229 1347 4283 14
1367 4228 1417 4296 (de

215 4307 272 4357 iure
293 4301 369 4370 fisci).
387 4307 418 4356 fr.
439 4304 463 4356 9.
483 4323 520 4372 pr.
540 4308 573 4357 Ι).
592 4303 636 4367 48,
655 4305 689 4358 16
711 4303 756 4372 (de
775 4322 804 4357 ra
822 4303 949 4372 militari).
968 4308 999 4359 ir.
1018 4305 1062 4358 46.
1081 4305 1124 4360 62.
1144 4309 1178 4358 D.
1197 4308 1224 4356 h.
1243 4310 1261 4355 t.

250 4373 277 4441 8)
297 4378 339 4428 ur.
359 4373 401 4429 34.
423 4376 446 4435 d·
466 4373 491 4428 7.
520 4380 553 4428 D.
573 4377 599 4428 h.
619 4383 637 4428 t.
668 4394 690 4428 e.
711 4375 735 4428 5.
756 4377 785 4428 Ο.
805 4378 831 4428 lr.
850 4384 869 4430 t.
906 4379 1020 4432 Tutores
1038 4383 1147 4442 tamen,
1171 4379 1267 4444 quibus
1287 4373 1418 4426 adminis-

106 4441 108 4444 ’
216 4449 293 4498 trebio
310 4449 418 4500 decreta
437 4463 491 4498 non
510 4453 560 4506 est,
577 4453 706 4517 tanquam
716 4450 845 4512 extranei,
865 4455 936 4502 recte
956 4465 972 4500 a
991 4451 1091 4518 pupillo
1113 4449 1328 4514 emerepoeeunt.
1351 4447 1382 4496 t'r.
1391 4445 1418 4498 6.

216 4521 250 4569 D.
270 4517 312 4582 26,
330 4518 347 4572 8
367 4517 415 4586 (de
432 4525 502 4574 auct.
521 4517 590 4582 tut).
