3062 4972
594 308 675 346 arnse
695 309 730 348 tv.
749 306 807 348 cnr.
824 311 851 346 a.
1106 347 1110 360 ,
1273 305 1327 362 309

164 441 194 520 §.
211 437 302 502 1078.
347 436 381 502 Si
406 437 494 500 nulla
517 438 598 502 actio
621 439 780 519 competit,
804 457 863 502 nec
880 442 1067 522 exceptione
1081 447 1126 508 uti
1138 465 1325 528 possumus3

120 539 226 615 unde,
249 540 286 600 si„
300 537 453 622 obligatio
474 539 579 619 aliqua
601 542 670 621 ipso
690 541 760 602 iure
786 542 922 604 extincta
944 544 1003 620 sit,
1034 551 1213 628 exceptioni
1235 550 1326 614 locus

122 656 197 702 esse
220 657 283 702 non
306 639 462 727 potest1).
505 639 603 703 Nemo
625 641 812 721 prohibetur
837 641 982 722 pluribus
1006 649 1246 728 exceptionibus
1268 652 1324 727 uti,

123 741 268 822 quamvis
300 741 436 804 diverse
463 742 546 818 sint,
580 742 634 804 vel
661 744 745 806 inter
772 749 872 806 semet
903 740 1038 808 invicem
1064 748 1274 814 adversentur
1284 753 1324 840 ²).

121 843 325 923 secutique
347 844 542 905 existimatur
562 843 704 915 confiteri
731 845 771 907 de
794 846 968 909 intentione
990 846 1224 929 adversarius,'
1243 871 1327 934 quo-

123 961 194 1008 cum
216 944 339 1026 agitur,
365 944 419 1022 qui
443 944 629 1023 exceptione
650 946 748 1007 utitur
758 946 795 1026 3).
840 947 970 1026 Semper
994 954 1096 1011 autem
1120 955 1174 1032 qui
1197 956 1324 1035 excipit,

76 1097 93 1110 „
122 1045 329 1108 intentionem
351 1061 439 1108 suam
465 1047 599 1107 venitote
614 1047 690 1128 niti,
715 1047 809 1114 debet
830 1047 982 1134 probare:
1016 1069 1084 1112 narn
1100 1054 1204 1135 ‚agere
1231 1057 1323 1120 etiam

123 1145 312 1222 isuidetur,
336 1147 390 1227 qui
414 1148 600 1226 exceptione
624 1149 739 1223 utitur3
763 1148 846 1211 unde
869 1149 972 1232 vulgo
992 1139 1126 1224 dicitur:
1151 1171 1240 1218 reum
1264 1175 1324 1218 ex-

122 1247 269 1330 cipiendo
290 1247 359 1312 lieri
385 1253 521 1310 actorem
534 1247 574 1334 4).
1050 1240 1054 1246 ’

168 1351 197 1432 ξ.
214 1349 305 1414 1019.
350 1347 468 1410 Causas
491 1349 651 1431 singulas,
683 1351 860 1430 exquibus
883 1339 1093 1434 exceptiones·
1110 1339 1325 1433 dantur,'boc

123 1451 196 1514 loco
218 1467 403 1512 enumerare
424 1466 486 1512 non
507 1467 694 1531 possumus3
727 1452 862 1532 exempli
886 1437 980 1517 causa
1004 1457 1173 1542 nonnullas
1195 1458 1324 1522 refere-

124 1569 213 1628 mus,
236 1549 336 1612 veluti
358 1552 576 1631 exceptionem
601 1551 720 1627 metus,
746 1553 811 1615 doli
834 1555 922 1631 mali,
948 1558 975 1618 si
998 1559 1070 1636 quis
1091 1564 1174 1620 metu
1197 1565 1324 1621 coactus

125 1653 179 1716 vel
201 1653 274 1715 dolo
294 1650 449 1714 obductus
472 1652 633 1732 stipulanti
660 1651 739 1714 Titio
758 1657 957 1734 promiserit3
990 1661 1207 1738 exceptionem
1228 1661 1328 1721 iuris-

124 1753 261 1828 iurandi,
284 1753 311 1815 si
331 1751 456 1814 debitor
478 1752 637 1816 creditore
657 1753 821 1816 deferente
843 1757 1009 1835 iuraverit,
1032 1758 1076 1820 nil
1093 1759 1327 1841 dareseopor-

127 1862 207 1932 tere,
231 1855 305 1916 item
328 1855 543 1934 exceptionem
569 1856 616 1916 rei
637 1855 781 1920 iudicata
800 1857 853 1918 vel
876 1860 959 1938 pacti
982 1862 1140 1937 conventi,
1162 1863 1190 1922 si
1206 1841 1343 1936 conve-⁵

125 1955 271 2020 nerit'ne
293 1960 417 2036 petatur
439 1955 491 2016 uel
516 1955 543 2016 si
566 1961 754 2018 transactum
778 1959 829 2022 sit.

169 2063 199 2140 §-
214 2056 306 2122 1080.
352 2053 466 2118 Contra
498 2057 598 2118 iustas
628 2055 683 2118 sed
716 2058 840 2137 iniquas
869 2063 1074 2140 exceptiones
1104 2063 1328 2142 replicationes

127 2160 253 2234 dantur,
276 2142 432 2239 pern'quas
455 2157 504 2217 ius
528 2159 723 2237 exceptionis
746 2158 937 2235 resolvitur;
969 2167 1076 2224 contra
1103 2163 1327 2242 replicationes

126 2263 227 2324 iustas
253 2259 309 2322 sed
331 2261 467 2339 iniquas,
492 2260 519 2320 si
541 2277 615 2339 qum·
632 2263 820 2324 necessarie
842 2269 926 2349 sunt,
949 2262 1178 2344 duplicationes
1193 2265 1308 2326 dantur
1316 2284 1325 2338 3
1431 2273 1436 2281 “

128 2367 238 2424 contra
262 2360 318 2422 bas
341 2358 567 2439 triplicationes
593 2365 624 2420 et
647 2362 693 2422 sic
715 2360 864 2442 deinceps
878 2362 917 2445 ὅ).
955 2361 1226 2452 Replicationesi)
1250 2365 1328 2428 nihil

123 2461 211 2526 aliud
234 2467 316 2537 sunt,
341 2477 431 2540 quam
457 2462 659 2541 exceptiones
684 2479 753 2541 que
775 2482 791 2524 a
812 2468 901 2543 parte
914 2465 1028 2526 actoris
1044 2466 1186 2541 veniunt,
1209 2472 1240 2528 et
1254 2466 1327 2528 idco

125 2564 253 2644 quidem
278 2564 468 2627 necessarie
489 2558 584 2640 sunt,i
595 2569 630 2624 ut
653 2566 856 2644 exceptiones
879 2565 1047 2627 excludant
1055 2584 1064 2639 ;
1095 2583 1219 2647 semper
1245 2567 1327 2628 enim

125 2665 291 2747 replicatio
314 2664 433 2727 idcirco
457 2664 622 2740 obiicitur,
654 2670 689 2724 ut
714 2667 930 2745 exceptionem
954 2672 1125 2748 oppugnet.
1151 2665 1252 2729 ’lllud
1276 2673 1327 2728 te-

126 2767 263 2830 nendum
286 2771 352 2842 est,
384 2783 506 2829 omnem
537 2768 753 2845 exceptionem
781 2765 833 2826 vel
854 2765 1092 2846 replicationem
1117 2766 1327 2829 exclusoriam

125 2884 217 2942 esse3
241 2868 385 2947 exceptio
408 2872 546 2929 actorem
568 2866 717 2943 excludit,
739 2867 904 2947 replicatio
927 2885 1015 2930 reum
1030 2867 1069 2956 ⁷).

132 2972 140 2977 ·
1247 2971 1268 3012 e

195 3072 263 3124 ΤΙΤ.
282 3072 343 3124 Vll.
379 3073 428 3124 Du
449 3071 596 3124 tumens
615 3072 810 3135 venusttum
828 3071 1076 3125 IUDIOIALIBUS
1094 3073 1256 3126 AO'HBUS.
1317 3109 1320 3127 .

169 3219 199 3298 ς.
214 3213 306 3278 1081.
350 3193 461 3293 Νοῖιυθ
482 3214 574 3290 actio,
601 3231 705 3294 neque
727 3215 882 3294 exceptio,
906 3231 1010 3293 neque
1027 3211 1125 3275 ullum
1145 3213 1229 3275 aliud
1248 3215 1327 3275 iuris

125 3313 341 3398 persequendi
364 3313 535 3376 remedium
557 3313 669 3377 eilicax
691 3317 751 3390 est,
776 3315 837 3375 nisi
857 3314 1042 3375 auctoritate
1061 3314 1261 3396 magistratus
1276 3314 1328 3374 iu-

163 3573 192 3638 1)
213 3545 274 3638 ssi.
293 3589 332 3638 pr.
352 3573 373 3623 1.
392 3573 418 3623 n.
437 3579 475 3624 a·
556 3569 583 3639 a)
602 3573 645 3625 ss.
664 3570 688 3624 a.
708 3572 733 3626 a.
751 3575 784 3624 o.
807 3575 834 3623 s.
852 3579 870 3625 s.
972 3570 1000 3638 a)
1018 3573 1061 3624 ss.
1081 3571 1106 3624 a.
1125 3573 1158 3624 o.
1177 3574 1203 3622 a.
1221 3577 1239 3624 c.
1279 3597 1290 3612 ,

161 3642 192 3709 4)
210 3643 252 3696 tu.
275 3643 299 3695 1.
319 3646 352 3696 b.
375 3644 402 3696 h.
423 3649 441 3696 t.
460 3647 491 3695 ir.
511 3642 554 3697 19.
577 3662 615 3711 pr.
633 3647 665 3696 D.
685 3643 729 3708 22,
748 3643 765 3696 3
786 3640 976 3712 (doptabat).

162 3713 191 3780 5)
210 3717 274 3768 Inst.
292 3712 318 3778 4,
338 3715 371 3767 14
391 3712 596 3782 (decapitant).
696 3714 724 3781 6)
745 3717 788 3766 Fr.
807 3716 832 3768 2.
854 3717 877 3776 ξ.
896 3717 920 3768 1.
941 3717 965 3768 2.
984 3717 1017 3766 D.
1036 3711 1080 3778 44,
1101 3713 1115 3765 1
1140 3712 1177 3778 (h.
1196 3710 1236 3779 t).

162 3783 190 3853 7)
210 3787 242 3837 In
261 3787 480 3839 extraordinariis
498 3788 603 3840 iudiciis
623 3788 686 3838 elim
704 3804 793 3855 neque
812 3790 999 3855 exceptionum
1017 3802 1106 3854 neque
1124 3786 1327 3852 replicationum

125 3875 193 3911 usus
211 3863 277 3920 erat,
298 3875 359 3909 cum
378 3860 454 3911 nulla
473 3861 579 3910 omnino
588 3861 703 3911 formula
720 3861 888 3923 scriberetur,
906 3861 951 3911 cui
969 3858 1216 3925 adiicipotuieeent.
1237 3858 1327 3920 Quare

124 3934 183 3983 iem
200 3931 337 3998 queritur:
358 3935 444 3982 utrum
462 3932 490 3982 in
508 3932 652 3984 nouissimo
670 3933 727 3984 iure
745 3947 855 3982 romono
865 3967 873 3994 ,
899 3936 1042 3998 postquam
1061 3931 1150 3982 omnia
1165 3929 1266 3982 iudicia
1282 3949 1329 3986 ex.

126 4001 308 4053 traordinarie
336 4004 408 4053 facta
434 4008 508 4064 eunt,
537 4002 628 4053 adhuc
647 4003 831 4068 exceptionem
850 4019 914 4054 usus
933 4004 966 4054 eit
981 4018 1082 4065 necne;
1107 4017 1142 4052 en
1161 4017 1176 4052 e
1195 4005 1329 4054 contrario

127 4075 215 4125 omnis
236 4074 354 4125 defensio
375 4089 454 4126 areo
477 4075 576 4126 eodeni
595 4076 726 4140 opposita,
747 4075 869 4140 exceptio
898 4075 953 4124 dici
978 4074 1085 4126 debeat.
1122 4073 1192 4124 Sunt
1218 4076 1262 4141 qui
1291 4075 1329 4125 di·

127 4150 200 4207 cant,
219 4159 312 4196 omnes
332 4147 503 4210 exceptiones
524 4144 596 4198 nuno
612 4147 670 4211 ipso
689 4146 876 4198 iureactionee
895 4147 991 4197 tollere
1011 4143 1197 4212 (Dacaurrop,
1215 4146 1244 4194 in
1258 4146 1326 4196 Tire·

127 4219 202 4270 mide
222 4221 240 4266 t.
261 4215 286 4266 6.
307 4233 334 4282 p.
353 4213 487 4282 7.-14.)‚
510 4217 556 4284 elii
574 4234 653 4278 vero,
679 4222 708 4268 ut
727 4233 819 4269 omnes
836 4219 891 4268 fere
914 4218 943 4268 in
961 4216 1105 4268 Germanic
1132 4217 1197 4266 iuris
1221 4230 1326 4266 roman·
1353 4239 1357 4251 x

126 4290 298 4353 interpretes:
327 4288 457 4356 quidquid
475 4289 586 4340 actionis
607 4289 689 4340 exitui
708 4289 789 4340 obiici
807 4293 907 4355 potest,
935 4290 1099 4355 exceptionis
1126 4287 1235 4338 nomine
1254 4289 1324 4338 comi

127 4359 314 4426 prehendunt,
335 4359 406 4410 unde
429 4360 463 4414 de
481 4361 636 4423 solutionis,
661 4361 813 4411 novafionis
832 4361 1035 4426 exceptionibus
1055 4361 1168 4425 aliisque
1189 4359 1270 4425 loqui·
1282 4375 1324 4410 so·

127 4432 192 4481 lent.
210 4430 304 4483 Verior
323 4435 413 4482 tamen
432 4436 473 4482 est
486 4432 594 4482 illorum
606 4432 744 4493 sententia,
767 4433 810 4498 qui
831 4432 928 4494 dicent,
947 4433 1060 4483 multum
1077 4433 1215 4491 interesse,
1236 4435 1326 4480 utrum

111 4503 187 4569 ,ipso
207 4502 263 4554 iure
282 4501 373 4570 alique
390 4503 460 4556 actio
479 4503 554 4556 finite
571 4503 612 4590 eit,
633 4517 670 4556 en
687 4504 839 4570 exceptioni
856 4508 960 4558 tentum
979 4505 1012 4557 sit
1028 4502 1158 4556 obnoxia.
