3098 4966
172 293 224 350 120
496 303 694 341 ruerururrom
714 301 787 340 runis
807 302 910 342 nouam
932 303 1052 342 tartara.

175 432 322 496 utendam
345 435 451 512 potest
462 432 508 519 1),
537 447 606 493 cum
628 429 713 511 quod
736 445 814 494 usus
836 447 982 511 persone
1004 433 1190 496 constitutus
1213 441 1277 512 est,
1311 441 1374 498 tum

175 533 260 616 quod
281 551 347 595 rem
370 531 505 595 locando
526 550 562 594 ea
586 549 648 594 non
670 537 825 608 uteretur,
850 532 906 594 sed
920 532 1093 611 frueretur,
1110 537 1293 614 pensionem
1309 537 1375 597 sci-

176 638 251 700 licet
273 633 488 716 percipiendo.

216 741 246 820 §-
260 737 333 802 425.
377 735 410 800 Si
427 750 492 811 res,
516 735 547 795 in
565 750 625 813 qua
647 749 724 795 usus
743 733 870 817 legatus
885 741 944 810 cst,
967 733 1089 796 fructus
1103 735 1235 816 profert,
1258 743 1376 818 prete-

174 854 295 920 rcaque
327 841 447 898 certum
476 852 566 897 usum
596 835 795 914 suppeditat,
819 836 920 897 veluti
948 837 975 896 si
1003 837 1108 898 ovium
1131 835 1183 898 vel
1211 857 1375 900 vaccarum

174 955 252 1000 usus
274 937 364 1000 datus
387 938 428 998 sit
436 955 445 1011 ;
471 934 581 998 eodem
604 934 696 997 modo
718 938 866 998 usuarius
888 935 1103 1016 plenissimum
1126 938 1176 999 ius
1191 939 1300 1001 utendi
1317 939 1376 1002 ba-

176 1038 240 1114 bet,
265 1035 370 1098 nullos
393 1053 471 1098 vcro
493 1036 616 1096 fructus
639 1034 700 1096 sibi
722 1035 886 1098 vindicare
907 1039 1030 1115 potest,
1052 1035 1190 1116 ideoque
1212 1057 1272 1100 nec
1294 1038 1375 1114 lana,

176 1155 281 1219 neque
302 1139 409 1219 agnis,
434 1153 538 1217 neque
562 1135 643 1196 lacte
666 1134 728 1196 frui
741 1135 781 1220 2).
826 1135 887 1199 Sed
910 1154 979 1198 cum
1003 1141 1063 1198 tam
1086 1139 1195 1199 stricte
1216 1141 1377 1220 interpre-

177 1238 280 1301 tandae
307 1255 369 1299 non
402 1238 465 1299 sint
497 1237 678 1298 testantium
710 1234 910 1312 voluntates,
943 1239 1110 1316 quominus
1141 1238 1264 1301 modico
1296 1239 1377 1302 lactc

177 1345 295 1414 utatur,
318 1336 538 1418 impediendus
562 1353 624 1398 non
648 1336 745 1422 esu).

163 1501 166 1506 ,
220 1445 250 1523 §-
262 1439 336 1504 426.
381 1439 435 1502 Sin
463 1437 762 1518 praeterfructuum
792 1437 913 1499 lucrum
944 1439 1091 1500 usuarius
1120 1438 1172 1500 vel
1196 1440 1313 1503 nullam
1338 1460 1379 1504 ex

178 1561 215 1605 re
235 1541 400 1603 utilitatem
422 1537 475 1601 vel
497 1539 651 1600 minimam
670 1538 824 1614 baberet,
857 1556 914 1618 pro
943 1540 1103 1600 testatoris
1131 1538 1322 1603 liberalitate
1349 1549 1381 1604 et

178 1641 332 1724 dignitate
356 1642 435 1715 cius,
460 1638 664 1722 cuirelictus
688 1644 736 1700 cst
758 1656 847 1714 usus,
871 1637 993 1721 largius
1019 1639 1174 1722 agendum
1191 1647 1283 1703 estet
1299 1661 1379 1704 con-

178 1741 311 1804 cedendi
339 1739 542 1816 ei‘fructus,
571 1757 651 1818 quos
682 1746 784 1801 tamen
814 1739 972 1801 vendendi
995 1743 1095 1821 gratia
1117 1742 1283 1821 percipere
1317 1761 1380 1805 non

178 1847 282 1924 potest
291 1843 329 1922 4).
373 1839 417 1901 lta
439 1843 478 1916 is,
502 1841 552 1902 cui
574 1839 660 1902 ville
679 1839 731 1902 vel
755 1840 837 1902 borti
860 1857 936 1902 usus
958 1839 1088 1902 relictus
1112 1841 1212 1927 est5).

224 1940 405 2021 Aliquando
426 1942 475 2004 ius
501 1958 579 2003 usus
602 1941 639 2002 ab
662 1940 830 2003 usufructu
853 1959 915 2002 non
940 1939 1060 2016 diflert,
1093 1941 1191 2003 veluti
1214 1960 1282 2004 cum
1304 1960 1381 2005 usus

178 2061 284 2106 rerum
305 2041 436 2104 relictus
456 2043 508 2117 sit,
527 2059 596 2122 quar
616 2042 734 2103 utendo
751 2047 978 2104 consumuntur
991 2041 1042 2102 vol
1060 2043 1299 2129 minuuntur6)3
1323 2043 1383 2105 dc-

181 2146 276 2224 niquc
298 2160 375 2206 usus
398 2143 487 2204 silvae
511 2142 626 2204 caeduae
648 2143 827 2205 usufructui
849 2143 1021 2222 expressim
1048 2145 1259 2224 aequiparatus
1281 2145 1381 2230 estlp.

223 2243 339 2326 5427.
383 2244 418 2304 ln
443 2245 566 2304 caeteris
589 2260 666 2304 usus
688 2243 878 2306 usuifructui
903 2243 1079 2305 simillimus
1105 2249 1170 2320 est,
1193 2244 1329 2322 ideoque
1352 2248 1383 2304 ct

182 2363 278 2406 onera
306 2345 425 2406 usuarii
454 2344 563 2406 cadem
592 2345 660 2406 fere
687 2350 760 2406 sunt
789 2349 883 2424 atque
908 2344 1135 2405 usufructuarii
1161 2349 1191 2404 ct
1213 2362 1271 2423 pro
1303 2344 1382 2404 iuris

183 2447 232 2506 sui
255 2445 441 2506 extensione
464 2444 555 2507 modo
577 2447 707 2520 minora,
729 2445 820 2507 modo
842 2444 1040 2530 graviorass).

226 2546 340 2628 5428.
385 2544 539 2630 Habitatio
562 2565 600 2607 an
623 2547 750 2627 propria
773 2552 859 2608 esset
880 2547 1036 2621 servitus,
1059 2546 1142 2618 inter
1165 2551 1292 2606 veteres
1314 2544 1384 2606 dis-

182 2652 322 2727 putatum
346 2652 414 2708 crat
427 2645 465 2732 ⁹),
488 2645 544 2708 scd
566 2664 624 2726 pro
645 2645 700 2707 tali
722 2665 738 2708 a
758 2645 930 2708 Iustiniano
947 2645 1165 2707 declarabatur
1178 2643 1228 2732 l⁰).
1251 2645 1402 2711 Accedit,
1463 2660 1471 2664 ·

184 2748 267 2808 enim
280 2747 317 2808 ad
330 2746 557 2808 usumfructum
578 2764 711 2808 usumve
727 2747 850 2822 aedium,
875 2766 892 2808 a
916 2747 1028 2826 quibus
1051 2747 1197 2808 tamenin
1215 2764 1253 2808 co
1269 2745 1384 2822 diflert,

118 2885 123 2895 ι
179 2847 269 2926 ¹quod
293 2846 442 2908 habitatio
466 2846 520 2908 alii
551 2848 683 2909 concedi
703 2853 825 2928 potest,
858 2849 884 2908 si
907 2865 969 2908 non
992 2848 1132 2928 gratuite
1153 2847 1385 2928 sedpromer-

188 2945 267 3008 cede
288 2949 509 3008 transmittitur
522 2947 571 3034 11).
615 2948 759 3028 Denique
780 2948 956 3011 donationis
980 2965 1073 3010 causa
1096 2947 1263 3008 constituta
1284 2965 1301 3008 a
1325 2946 1387 3008 do-

187 3048 290 3108 nantis
314 3047 486 3133 beredibus
508 3050 652 3111 revocari
675 3049 848 3138 potestffl),
873 3051 982 3131 capitis
1005 3049 1220 3111 diminutione·
1235 3065 1313 3109 vero
1334 3048 1388 3110 vel

185 3166 248 3210 non
269 3148 386 3210 utendo
409 3166 471 3210 non
493 3150 652 3225 amittitur,
675 3151 757 3211 sicut
780 3156 901 3212 caetcrac
923 3151 1061 3212 servitus
1085 3148 1269 3230 personales
1280 3149 1333 3234 ¹³).

229 3253 259 3331 §-
272 3248 345 3314 429.
389 3248 500 3330 Opcrae
522 3268 688 3313 servorum
711 3269 836 3331 quoque
857 3251 939 3333 apud
961 3257 1087 3313 veteres
1107 3252 1261 3330 propriam
1279 3250 1389 3311 servi-

187 3355 283 3414 tutem
314 3351 566 3428 constituebant,
601 3351 640 3413 de
672 3370 731 3431 qua
761 3371 839 3415 vero
871 3352 965 3414 hodie
988 3352 1095 3413 dicere
1119 3367 1390 3430 supervacaneum

186 3455 277 3517 nobis
300 3453 424 3516 videtur
438 3454 487 3536 l⁴).

589 3733 769 3870 2.4.1
788 3773 858 3858 eoo'
936 3772 942 3786 ’
977 3803 1005 3870 3)
1026 3805 1068 3854 ur.
1089 3801 1130 3854 12.
1150 3803 1173 3862 ς.
1193 3803 1217 3855 2.
1239 3797 1269 3852 u.
1288 3801 1314 3850 n.
1334 3805 1353 3850 c.

281 4075 292 4086 ,
354 4021 401 4082 ἓ
420 4021 445 4074 2.
467 4019 496 4072 D
508 3989 541 4084 7,
553 3987 644 4086 5(de
663 4022 733 4072 usuf.
753 4033 808 4070 ear
827 4034 877 4070 rer
898 4033 1021 4086 quaeusu
1040 4011 1133 4081 cons..)

477 4095 530 4142 ..h
549 4098 567 4142 1
691 4087 719 4156 8)
740 4091 782 4140 Fr
802 4088 845 4142 18.
868 4086 898 4140 D
919 4091 945 4140 h.
964 4094 983 4139 t

468 4161 579 4229 ‚atde
598 4161 685 4227 capito
706 4157 833 4226 minutis).
852 4163 883 4212 fr.
904 4159 945 4210 10.
967 4159 989 4218 ἓ.
1011 4157 1035 4210 2.
1056 4157 1081 4210 3.
1104 4153 1133 4207 ὓ.
1156 4153 1182 4219 7,
1202 4152 1276 4222 8(h.
1296 4152 1336 4219 1.).

410 4233 461 4298 3
481 4233 515 4285 33
534 4233 580 4300 (de
598 4235 666 4284 usuf
686 4237 712 4284 et
730 4229 835 4296 habit..)
857 4231 879 4290 ἓ.
899 4229 923 4282 5.
945 4233 965 4282 Ι.
985 4232 1011 4282 h.
1033 4237 1050 4281 1.
1073 4228 1109 4295 (2,
1129 4225 1174 4293 5.).

475 4303 527 4356 ,3.
553 4301 581 4354 D.
601 4305 664 4355 1ι.1,
684 4321 705 4355 c.
726 4301 767 4356 13.
789 4305 818 4356 0.
838 4305 880 4355 cit.

465 4373 548 4437 .2,9
569 4372 652 4439 5440
663 4372 775 4440 donat)
796 4377 882 4442 Negat
899 4375 985 4425 hoco
995 4367 1298 4436 Buchbota,tVeraucbc
1315 4359 1392 4416 1475.

420 4389 471 4509 ,4,
490 4443 576 4512 bote
595 4462 653 4511 cap.
673 4442 799 4510 minutis).
821 4449 851 4497 fr
873 4445 914 4498 10.
934 4463 973 4512 pr.
995 4440 1026 4494 D
1047 4443 1073 4492 h.
1093 4448 1111 4494 t.

447 4520 480 4572 de
499 4519 585 4584 operis
604 4513 761 4580 sorvorum)
