3098 4966
194 315 230 373 88
526 319 728 360 tssttwttom
747 319 821 360 ΝΙΙΙ
840 319 943 358 ΙΟΙΔΙΙ
962 319 1083 361 mihil.

199 458 245 521 los
269 457 322 520 rel
348 455 460 520 modos
480 452 666 534 acquirendi
686 451 858 534 mulares
879 459 910 516 et
929 451 1120 515 onioersoles
1132 453 1334 537 distinguere
1350 471 1404 518 so-

200 559 278 623 lent.
321 557 387 622 Nos
410 573 537 638 quoque
559 555 691 637 primum
715 553 756 618 de
783 571 888 618 rerum
919 553 1116 638 singularum
1142 556 1406 636 acquisitionibus

111 722 116 730 ,
198 659 389 724 uidebimus.

240 764 271 845 5.
282 759 355 826 318.
399 757 460 822 Sed
483 762 515 820 et
540 755 632 820 aliam
664 760 700 816 ut
727 757 905 837 primariam
935 754 1079 837 regulam
1115 756 1189 818 olim
1220 775 1404 839 proponere

200 862 345 928 solebant
367 859 526 935 hodierni,
551 857 590 921 de
613 856 807 938 acquirendo
829 873 935 918 rerum
952 855 1090 920 dominio
1105 864 1248 940 agentes,
1272 864 1406 921 contra-

201 967 280 1030 riam
303 963 387 1026 illam
409 975 495 1022 vere
517 959 596 1020 iuris
620 957 722 1020 civilis
747 958 873 1020 rationi.
917 956 952 1018 ln
975 957 1119 1020 omnibus
1149 959 1231 1020 enim
1259 959 1407 1038 acquisi-

202 1067 340 1132 tionibus
363 1060 479 1124 titolom
501 1065 533 1122 et
557 1056 678 1120 modurn
704 1057 887 1138 acquirendi
916 1057 1143 1135 secernebant,
1175 1064 1321 1140 tanquam
1351 1077 1407 1121 re-

201 1174 314 1232 motam
334 1171 366 1228 et
384 1163 556 1246 proximam
578 1161 657 1222 iuris
680 1159 866 1240 acquirendi
888 1175 1032 1234 causam,
1065 1175 1136 1239 quae
1163 1157 1304 1221 delinitio
1336 1175 1408 1220 eum

201 1283 440 1351 supervacanea
462 1268 523 1339 est,
546 1268 611 1324 tum
634 1261 713 1324 laisa
734 1261 793 1324 hac
814 1261 924 1323 nititur
945 1262 1105 1341 opinione,
1125 1280 1163 1324 ac
1184 1263 1212 1324 si
1233 1261 1272 1324 ad
1294 1278 1407 1324 omnes

168 1439 173 1450 ,
203 1370 330 1434 dominii
352 1366 580 1448 acquisitiones
604 1364 767 1444 possessio
789 1365 837 1426 rei
858 1363 1059 1444 acquirenda
1082 1367 1263 1428 necessario
1279 1365 1322 1426 sit
1333 1363 1408 1428 adi-

204 1471 367 1554 piscenda‚
390 1475 444 1534 aut
463 1469 660 1551 apprehensa
684 1467 758 1551 lege
780 1467 857 1550 lingi
879 1467 993 1530 debeat
1004 1469 1044 1555 ¹).

386 1613 454 1683 ιιι.
473 1630 506 1680 n.
542 1629 591 1680 oe
612 1623 866 1677 occurremus
883 1622 1009 1675 annon
1027 1620 1224 1690 nunnmsq.

245 1766 276 1844 §-
288 1761 360 1825 319.
405 1759 477 1822 lure
506 1759 647 1841 gentium
672 1755 864 1836 acquirimus
898 1755 1122 1836 occupatione,
1154 1759 1342 1822 accessione
1378 1762 1410 1820 et

203 1861 382 1924 traditione.

248 1959 472 2040 Occupationis
499 1957 687 2021 vocabulum
717 1956 868 2040 generale
891 1962 960 2033 est,
988 1975 1025 2030 ac
1049 1974 1170 2020 omnem
1192 1959 1411 2039 possessionis

205 2064 252 2126 rei
274 2059 558 2142 apprehensionem
579 2057 827 2140 demonstrat³);
853 2057 1043 2137 interpretes
1065 2061 1166 2120 autern
1192 2059 1412 2139 occupationis

205 2162 330 2224 nomine
363 2157 524 2240 appellant
552 2175 658 2220 rerum
689 2157 810 2220 nullius
839 2157 1123 2239 apprehensionem
1149 2160 1250 2222 animo
1277 2159 1412 2222 dominii

205 2262 237 2324 in
261 2279 298 2324 ea
322 2258 509 2340 acquirendi
531 2261 653 2322 laetam.
698 2258 770 2321 llaec
799 2259 983 2338 acquisitio,
1017 2259 1072 2322 illo
1104 2267 1262 2342 praecepto
1286 2262 1411 2323 nitens:

206 2360 310 2442 „quod
333 2359 452 2422 nullius
476 2365 544 2436 est,
578 2359 610 2422 id
633 2359 733 2440 primo
762 2359 927 2439 occupanti
951 2358 1190 2446 conceditur“⁴)
1222 2378 1285 2423 non
1315 2359 1413 2422 aliter

205 2463 308 2528 locum
331 2461 443 2537 hahet,
479 2477 572 2541 quam
595 2461 623 2522 si
646 2461 717 2540 quis
739 2461 973 2540 possessionem
995 2461 1042 2522 rei
1064 2461 1182 2524 nullius
1204 2460 1413 2542 adipiscitur,

204 2564 362 2646 simulque
377 2566 513 2628 animum
536 2565 640 2641 habet,
663 2581 731 2626 eam
753 2581 841 2626 snam
862 2563 1009 2627 faciendi.

248 2668 362 2750 §.dib
407 2668 540 2732 Nonnisi
558 2687 623 2745 res,
644 2685 713 2748 quae
736 2667 892 2730 dominum
913 2684 975 2729 non
994 2666 1119 2743 habent,
1143 2667 1196 2729 vel
1211 2683 1273 2730 non
1290 2667 1415 2730 hahere

206 2769 277 2830 iure
299 2769 479 2851 linguntur,
511 2769 572 2831 hoe
591 2767 683 2831 modo
706 2768 891 2849 occupantis
913 2767 981 2830 lieri
1004 2773 1156 2848 possunt,
1187 2773 1221 2828 ut
1239 2773 1316 2837 ,sunt
1338 2770 1416 2830 ani-

205 2867 297 2944 rqalia
324 2867 391 2930 fera
412 2869 443 2930 in
466 2867 611 2931 libertate
632 2869 767 2932 naturali
789 2869 947 2951 vagantia,
968 2869 1079 2932 aliaeve
1100 2885 1153 2932 res
1174 2867 1324 2944 mobiles,
1348 2868 1416 2931 do·

205 2969 320 3030 minum
342 2987 404 3032 non
427 2968 591 3045 habentes,
613 2974 649 3030 ut
671 2975 702 3032 et
721 2986 773 3031 res
796 2968 972 3044 derelictae3
995 2971 1069 3032 item
1091 2985 1143 3031 res
1165 2968 1310 3046 hostium,
1339 2987 1415 3032 cum

208 3067 323 3148 quibus
345 3067 461 3130 iustum
484 3075 533 3132 est
556 3068 693 3146 bellum,
715 3069 854 3149 denique
876 3070 1009 3150 praedia,
1035 3086 1104 3150 quoe
1124 3068 1243 3131 nullius
1265 3075 1357 3146 sunt,
1380 3077 1415 3132 et

206 3168 276 3250 agri
298 3167 417 3231 deserti
438 3167 476 3231 ab
499 3176 673 3250 occupante
695 3170 755 3232 coli
771 3171 866 3250 ooepti
879 3169 917 3256 ⁵).
962 3170 1037 3235 lnde
1055 3171 1152 3232 variae
1167 3161 1413 3250 occupationum

207 3267 313 3332 formae
334 3271 417 3333 inter
439 3288 474 3334 se
498 3272 651 3354 distingui
674 3273 795 3349 solent,
821 3279 855 3334 ut
876 3274 1017 3340 venatio.
1047 3273 1196 3351 piscatio,
1230 3269 1412 3349 aucupiam,

206 3368 354 3445 inventio,
378 3374 541 3450 occupatio
567 3371 684 3449 bellico,
710 3379 742 3434 et
765 3373 927 3451 occupatio
949 3373 1136 3454 simpliciter
1158 3375 1205 3436 sic
1229 3374 1322 3437 diota.

246 3475 277 3553 ξ.
289 3471 362 3536 321.
406 3470 514 3534 Omnia
536 3473 636 3555 igitur
657 3471 801 3536 animalia
823 3473 909 3552 iera,
932 3491 1002 3554 quae
1023 3479 1119 3552 terra,
1142 3477 1175 3536 in
1199 3477 1277 3540 mari
1301 3475 1354 3538 vel
1378 3477 1411 3540 in

188 3571 284 3632 aere
316 3569 454 3652 degunt,
491 3572 626 3635 naturali
657 3573 779 3635 ratione
813 3575 913 3653 primo
946 3575 1111 3654 occupanti
1139 3562 1356 3640 conceduntur
1368 3577 1411 3662 ⁶).

209 3669 418 3750 Apprehensa
440 3671 590 3734 videntur
619 3690 688 3735 curn
711 3678 765 3734 aut
786 3674 953 3736 interiecta
982 3676 1046 3737 sint
1069 3693 1086 3736 a
1109 3676 1220 3754 nobis,
1252 3683 1305 3739 aut
1336 3679 1412 3740 viva

208 3773 316 3848 capta,
349 3776 384 3830 ut
414 3771 528 3854 lugere
558 3773 740 3835 ecustodia
764 3779 871 3837 nostra
893 3793 956 3838 non
988 3777 1110 3855 possint
1121 3775 1160 3866 ⁷).
1205 3777 1423 3841 vulneratum·

241 3941 272 4009 1)
292 3943 361 3995 Vide
380 3943 532 4010 Hisponem,
554 3949 633 4000 osvo.
655 3947 794 4013 Moposa'o,
813 3949 866 4001 vol.
884 3945 910 4000 4.
929 3965 955 4015 p.
967 3947 1115 4002 nst-184.

242 4011 271 4079 2)
293 4013 317 4074 ἓ.
337 4011 549 4068 12-18.48.1.
569 4019 596 4069 h.
612 4023 630 4068 t.
651 4016 688 4083 (1,
708 4015 746 4083 2).
763 4021 794 4070 ir.
815 4017 893 4071 3-5.
914 4021 946 4071 D.
963 4021 1023 4072 eod.
1045 4019 1101 4086 (41,
1119 4020 1157 4086 1).

243 4082 272 4149 3)
293 4086 442 4151 Occupatio
461 4089 567 4140 nonnisi
586 4105 603 4140 a
615 4091 806 4142 recentioribus
817 4092 998 4156 angustiorem
1009 4107 1117 4146 sensum
1130 4093 1243 4160 aceepit,
1264 4107 1316 4160 quo
1327 4090 1413 4144 hodie

209 4157 282 4208 illam
303 4157 484 4223 intelligimus.

244 4224 273 4293 s)
293 4228 335 4278 ur.
356 4226 380 4278 3.
397 4245 436 4294 pr.
456 4229 490 4279 o.
509 4229 535 4279 ι.
551 4233 569 4279 ι.
589 4228 613 4288 s.
632 4228 674 4281 ιι.
694 4231 715 4280 1.
733 4229 799 4280 isto.
821 4229 880 4281 (ιιι.
899 4229 923 4282 2.
945 4232 968 4292 s.
988 4231 1102 4286 ott-oo.

245 4295 274 4362 5)
292 4299 380 4363 Vulgo
398 4299 455 4353 heo
473 4301 611 4366 acquisitio
630 4300 667 4350 ad
685 4300 876 4368 occupationes
893 4318 948 4355 non
966 4305 1085 4357 refertur.

245 4368 274 4434 6)
293 4369 315 4429 b,
336 4367 379 4422 12.
400 4371 420 4422 l.
440 4370 482 4422 uit.
501 4373 532 4421 fr.
552 4371 576 4422 1.
596 4370 619 4430 ἓ.
638 4370 662 4422 1.
681 4373 715 4423 Ι).
736 4370 774 4437 (h.
793 4367 831 4436 t).

208 4511 215 4524 ·
243 4435 282 4562 73²
292 4440 609 4568 ngcussushqutssdonem
629 4441 663 4495 ds
687 4459 753 4510 apro
771 4443 876 4512 laqueis
895 4447 974 4510 cepto
992 4443 1074 4497 uariis
1097 4443 1314 4496 distinctionibus
1331 4441 1414 4496 soluit

207 4525 235 4560 nn
283 4548 289 4561 .
347 4548 353 4564 .
400 4549 406 4564 .
445 4550 451 4564 .
