3064 4966
612 323 876 365 unanimanti.
1285 311 1339 366 929

172 455 366 532 Quibusdam
388 455 643 536 stipulationibus
666 455 762 517 tacite
792 453 989 515 conditiones
1018 454 1144 530 insunt,
1179 455 1277 518 veluti
1309 457 1337 518 si

129 563 203 641 quis
225 559 330 622 dotem
352 558 514 638 promisit:
532 575 605 621 narn
627 558 750 636 nuptiis
771 556 891 617 secutis
914 560 1032 617 tantum
1053 556 1254 618 committitur
1276 559 1337 619 sti-

127 662 259 744 pulatio,
281 659 394 722 iisdem
414 675 476 720 nou
500 659 622 720 secutis
643 656 862 741 evanescit1).

170 766 202 843 fi.
217 761 288 826 792.
333 759 366 822 Si
387 760 430 820 ita
451 758 621 838 stipulatus
637 757 741 834 luero,
762 758 790 818 si
808 757 841 818 in
860 754 1047 836 Capitolium
1061 773 1123 818 non
1139 756 1334 834 ascenderis,

129 861 182 924 vel
204 859 326 941 ailquid
348 875 412 920 non
434 857 567 934 seceris,
598 863 663 920 tum
684 857 808 920 demum
829 858 1033 920 committitur
1055 857 1233 937 stipulatio,
1264 877 1334 922 cum

129 967 251 1025 certum
272 977 344 1022 csse
365 960 507 1038 coeperit,
531 963 562 1020 te
588 957 776 1039 Capitolium
795 957 993 1020 adscendere
1016 957 1068 1019 vel
1090 958 1123 1021 id
1145 959 1250 1021 Iacere
1270 977 1333 1022 non

128 1078 226 1144 posse
242 1061 283 1146 ²).
1213 1073 1217 1077 ·

170 1166 202 1244 5.
215 1161 286 1226 793.
329 1161 405 1223 ltem
423 1159 503 1224 illud
513 1158 566 1222 uel
586 1158 666 1222 illud
680 1159 825 1240 stipulari
839 1176 1018 1240 possumus,
1039 1160 1138 1224 veluti
1149 1161 1258 1226 decem
1276 1179 1336 1224 au-

101 1263 105 1272 “
128 1279 203 1331 reos
218 1262 271 1326 vel
283 1264 438 1324 homiuem
448 1260 597 1324 Stichum.
618 1259 779 1323 Eiusmodi
792 1260 955 1342 obligatio,
972 1281 1012 1324 ex
1025 1279 1085 1342 qua
1100 1262 1171 1324 due
1183 1263 1333 1344 pluresve

128 1386 183 1433 res
206 1366 395 1430 coniunctim
409 1365 576 1439 debentur,
599 1364 637 1426 ah
660 1363 823 1426 hodiernis
836 1363 1027 1424 otteraottoo
1048 1364 1200 1447 obligatio
1222 1366 1335 1446 appel-

129 1469 262 1555 latur2).
308 1468 365 1529 Est
387 1465 489 1528 cavel
511 1471 596 1527 certa
620 1464 673 1526 vel
693 1466 833 1526 incerta:
859 1471 956 1541 certa,
976 1468 1003 1526 si
1017 1465 1185 1544 stipulator
1197 1466 1333 1528 electio-

128 1590 200 1636 nem
221 1569 283 1632 sibi
307 1567 515 1642 constituerit,
541 1566 641 1628 veluti
665 1567 692 1627 si
706 1565 844 1628 Stichum
858 1566 910 1627 vel
923 1565 1126 1645 Pamphilum,
1149 1583 1242 1645 quem
1264 1567 1333 1647 ipse

130 1673 278 1755 elegerit,
300 1670 469 1752 stipulatus
489 1670 549 1730 sit:
574 1671 629 1748 qui
645 1669 705 1730 sibi
717 1667 905 1732 electionem
917 1685 980 1730 non
994 1668 1166 1747 conshtuit,
1178 1668 1332 1730 incertum

130 1773 315 1855 stipulatur:
339 1775 461 1834 nomia
485 1770 638 1834 eiusmodi
660 1787 738 1832 casu
760 1771 876 1831 electio
899 1769 1099 1849 promissoris
1112 1773 1172 1844 est,
1194 1769 1245 1829 cui
1261 1785 1333 1830 nru-

130 1882 199 1937 tare
221 1874 413 1938 voluntatem
433 1873 526 1936 lieet:
557 1871 659 1934 donec
680 1871 811 1934 alteram
832 1889 898 1932 rem
922 1869 1046 1932 dederit
1057 1867 1098 1952 ⁴).
1142 1870 1184 1930 At
1206 1871 1233 1930 si
1261 1867 1333 1948 quis

129 1975 211 2039 illud
233 1975 286 2036 vel
307 1975 386 2037 illud
408 1972 577 2053 stipulatus
591 1973 643 2048 sit,
667 1976 712 2034 tot
725 1973 815 2051 quasi
827 1969 1040 2051 obligationes
1053 1975 1137 2044 sunt,
1160 1976 1238 2049 quot
1258 1987 1334 2031 cor·-

131 2096 229 2160 pora:
251 2095 320 2138 nam
342 2077 370 2138 si
393 2075 491 2137 altera
515 2092 567 2136 res
591 2093 631 2136 ex
655 2091 843 2155 quacunque
863 2091 956 2136 causa
980 2074 1048 2137 dari
1072 2081 1262 2156 nonpotest,
1285 2075 1335 2137 al-

131 2185 202 2242 tera
224 2175 427 2240 nihilominus
450 2175 583 2238 debetur
595 2176 636 2260 ⁶).

239 2365 306 2416 TIT.
330 2367 365 2417 ΙΙ.
401 2365 450 2418 DE
471 2362 684 2418 INUTILIBUS
706 2363 1033 2418 STIPULATIONIBUS
1055 2365 1227 2428 ALIISQUE

458 2451 672 2506 INUTILIBUS
692 2452 968 2506 CONTRAO'IIBUS
983 2449 1013 2520 ⁶).

173 2591 203 2669 ς.
215 2587 286 2652 794.
329 2586 398 2648 Non
410 2591 519 2648 omnes
531 2585 753 2666 stipulationes
767 2588 836 2647 iure
850 2587 967 2662 valent,
991 2587 1131 2666 quaedam
1154 2590 1235 2650 eninr
1257 2592 1332 2650 inu-

130 2688 204 2750 tiles
224 2692 307 2762 sunt,
333 2693 386 2748 aut
409 2687 493 2768 quod
516 2688 548 2748 iu
571 2687 669 2749 forma
696 2704 803 2748 earum
827 2686 945 2767 aliquid
962 2687 1077 2764 delicit,
1100 2693 1153 2750 aut
1170 2689 1254 2768 quod
1272 2708 1332 2752 ne-

131 2790 280 2852 cessarie
301 2789 543 2850 conventionum
565 2787 762 2850 conditiones
784 2787 910 2849 desunt.

173 2892 204 2972 9.
221 2889 291 2955 795.
334 2887 403 2950 Non
434 2888 535 2950 solum
565 2889 664 2970 igitur
693 2888 854 2968 stipulatio
884 2888 1004 2949 inutilis
1029 2893 1095 2963 est,
1125 2889 1153 2949 si
1188 2889 1258 2968 quis
1293 2888 1332 2950 ad

130 3007 179 3064 ea,
205 3005 275 3068 quae
306 2991 521 3071 interrogatus
543 2995 629 3064 erat,
656 3005 718 3051 non
748 3005 890 3071 congrue
922 2987 1123 3069 responderit
1143 2988 1189 3075 l):
1207 3003 1332 3051 'verum

131 3092 234 3167 etiam,
258 3107 328 3170 quae
353 3107 421 3152 cum
445 3095 529 3152 muto
552 3091 603 3152 vel
620 3089 716 3152 surdo
732 3090 813 3152 lacta
830 3108 902 3152 esse
919 3090 1041 3153 dicatur
1058 3089 1230 3169 stipulatio.
1255 3091 1330 3154 Nam

131 3196 250 3252 mutum
274 3197 327 3252 aut
349 3190 478 3253 surdum
503 3186 607 3272 neque
628 3191 773 3271 stipulari
794 3208 898 3272 neque
919 3193 1101 3272 promittere
1122 3209 1218 3271 posse
1232 3192 1333 3273 palam

133 3298 194 3368 est,
219 3293 290 3371 quia
313 3290 369 3354 ille
393 3292 490 3354 verba
514 3292 694 3373 stipulantis
713 3297 766 3354 aut
787 3293 995 3372 promittentis
1019 3292 1125 3354 dicere
1139 3310 1200 3354 non
1217 3299 1331 3374 potest,

132 3393 185 3456 hic
209 3409 245 3454 ea
266 3392 417 3462 exaudire
437 3393 607 3474 impeditur
622 3392 661 3481 8).

177 3495 208 3575 5.
225 3493 294 3557 796.
338 3493 534 3556 Necessaria
556 3496 690 3555 emnium
715 3497 931 3557 contractuum
953 3490 1126 3554 aliarumve
1144 3492 1332 3554 conventio-

132 3609 206 3654 num
227 3593 423 3657 conditiones
437 3596 484 3657 hae
505 3601 588 3672 sunt,
611 3601 645 3655 ut
667 3593 764 3656 abiis
785 3595 949 3672 ineantur,
975 3595 1028 3676 qui
1052 3593 1238 3656 contrahere
1253 3610 1330 3673 pos-

133 3711 335 3727 -·--

168 3800 196 3870 1)
214 3802 258 3853 Fr.
276 3801 302 3854 4.
322 3802 346 3864 §-
365 3805 388 3857 2.
410 3806 443 3856 D.
463 3802 542 3868 2,14
561 3801 730 3871 (depactis).
766 3861 770 3876 .
831 3803 859 3872 2)
877 3809 920 3857 Fr.
940 3804 999 3859 115.
1019 3807 1041 3867 5.
1060 3806 1084 3859 1.
1105 3807 1136 3857 Ι).
1157 3807 1184 3857 h.
1203 3812 1222 3857 t.

169 3872 197 3940 ³)
217 3876 373 3929 hccuratius
394 3875 429 3928 de
448 3879 501 3927 hac
516 3876 679 3942 obligatione
688 3873 829 3943 disputari
841 3879 869 3930 in
878 3881 978 3932 Oomm.
988 3883 1055 3932 mca'o
1071 3878 1121 3932 52.
1137 3898 1163 3946 p.
1175 3873 1234 3932 179.
1244 3875 1334 3930 ·-187.

134 3949 205 3998 cont.
226 3965 248 3998 c.
274 3946 432 4015 Vonqerow,
455 3949 554 4000 Lohrb.
575 3953 593 3999 t.
611 3949 658 4000 111.
677 3948 700 4007 5.
721 3946 781 4000 569.

168 4015 198 4084 4)
217 4018 261 4068 Fr.
280 4015 323 4068 76.
342 4017 403 4072 106.
424 4017 483 4070 138.
503 4017 528 4077 h.
551 4017 574 4070 1.
594 4021 628 4070 Ι).
650 4017 678 4069 h?
693 4025 713 4071 t.

169 4085 197 4155 b)
215 4089 258 4140 Fr.
277 4087 319 4140 16.
337 4107 376 4156 pr.
393 4091 426 4141 D.
449 4091 476 4140 h.
495 4095 514 4140 t.
535 4092 566 4141 fr.
582 4087 624 4142 72.
643 4089 666 4150 ἓ.
688 4087 715 4142 4.
734 4091 767 4140 D.
785 4086 830 4152 46,
848 4088 865 4141 3
884 4086 931 4154 (de
951 4089 1050 4158 solut).

169 4158 198 4226 6)
216 4161 237 4212 Ι.
254 4159 280 4223 3,
300 4157 341 4213 19.
360 4163 387 4214 h.
403 4167 421 4213 t.
441 4163 473 4212 D.
491 4158 536 4225 45,
557 4161 571 4214 1
590 4157 637 4225 (de
652 4162 684 4212 V.
705 4157 786 4227 ObL).
806 4185 839 4198 -
857 4161 962 4214 Titulos
982 4167 1046 4216 inst.
1057 4163 1134 4214 XVII
1159 4157 1205 4228 (de
1223 4162 1331 4227 stipula-

133 4231 206 4284 tione
225 4229 371 4298 servorum)
389 4239 418 4286 et
435 4233 525 4286 XVIII
553 4230 601 4297 (de
627 4233 755 4284 divisione
779 4232 988 4302 stipulationum)
1017 4236 1119 4288 silentio
1145 4234 1330 4302 praeterimus:

134 4319 195 4355 cum
216 4303 304 4356 facilis
323 4306 374 4357 sint
391 4305 622 4371 interpretationis.
641 4307 681 4356 cir
694 4305 869 4371 Ducoorroy,
891 4301 1039 4362 Institutas
1061 4307 1094 4360 cle
1110 4307 1251 4359 Juatr'na'on
1265 4321 1330 4358 nou·

135 4377 280 4428 aattcmant
300 4375 455 4444 explicatas
472 4381 491 4426 t.
510 4374 535 4427 3.
555 4378 581 4426 h.
599 4381 617 4426 t

167 4441 474 4520 r)§.5.18.1.,p.c.
499 4447 558 4498 (iai.
577 4444 602 4498 3.
622 4446 645 4506 ξ.
666 4444 727 4497 102.

170 4513 199 4583 8)
217 4519 261 4570 ur.
280 4518 306 4571 1.
322 4535 361 4588 pr.
381 4521 414 4571 D.
434 4519 461 4570 h.
480 4523 498 4569 t.
517 4517 540 4579 fi.
559 4513 583 4570 7.
602 4519 623 4570 Ι.
645 4518 672 4568 Ιι.
691 4523 709 4570 t.
730 4516 791 4572 (tat.
809 4515 834 4570 3.
852 4515 875 4579 θ.
894 4514 953 4571 loo.
