3098 4966
215 338 268 396 110
532 343 734 384 rrrrrrrrrorrr
753 343 828 384 ruris
847 343 951 384 nourr
971 343 1093 403 rrrrrrr.

257 473 373 560 §.aab
416 474 578 538 AEstinata
599 472 679 549 dos,
704 473 757 538 vel
778 491 850 555 pure
871 475 903 538 in
924 474 1021 538 rebus
1045 475 1254 558 iungitilibus
1280 482 1412 555 constat,

215 579 247 642 in
268 591 390 660 genere
415 574 594 638 restituitur
621 572 674 636 vel
700 574 770 636 eius
792 576 954 639 estimatio
977 575 1124 640 solvitur.
1168 576 1299 642 cetere
1321 579 1412 644 dotes

215 679 246 742 iu
269 678 377 759 specie
398 673 575 738 redduntur
583 692 593 749 ;
623 675 651 736 si
678 692 823 755 queres
846 677 1024 740 interierint
1052 677 1105 742 vel
1133 678 1293 744 abluerint
1323 679 1414 761 eulpa

216 779 329 855 mariti,
354 794 460 840 earum
476 793 603 856 quoque
617 777 778 839 estimatio
793 783 959 858 prestatur
974 779 1012 865 ¹).
1056 777 1190 862 Tempus
1205 781 1414 845 restitutionis
1535 819 1536 826 ,

215 882 248 944 in
270 879 367 942 rebus
390 876 451 940 soli
473 882 524 939 est
548 882 670 958 tempus
692 877 787 942 soluti
805 880 1007 955 matrimonii,
1029 885 1226 946 deterreres
1251 883 1331 946 intra
1354 899 1416 948 un-

215 996 289 1044 num
310 985 382 1060 post
398 977 538 1042 solutum
566 979 794 1042 matrimonium
818 982 1029 1044 restituuntur
1040 980 1080 1068 ²).

256 1079 326 1146 Non
347 1079 448 1144 solum
471 1097 524 1144 res
546 1079 668 1142 dotales
692 1080 786 1161 ipre,
812 1079 870 1144 sed
901 1086 933 1144 et
957 1098 1067 1146 omnes
1095 1073 1316 1157 accessiones,
1346 1095 1417 1160 pure
1535 1121 1536 1150 r

216 1181 423 1258 sructusnon
449 1186 544 1258 sunt,
574 1179 627 1244 vel
649 1182 743 1244 etiarn
772 1183 894 1246 tructus
922 1187 995 1244 ante
1017 1183 1244 1246 matrimonium
1268 1181 1320 1244 vel
1344 1185 1417 1261 post

215 1289 338 1364 tempus
356 1283 566 1346 restitutionis
589 1281 703 1346 debite
721 1284 874 1364 primenti,
898 1286 1022 1346 restitui
1041 1283 1209 1367 debeut⁸).
1244 1281 1338 1365 Dotis
1359 1300 1418 1346 re-
1535 1299 1536 1360 3

214 1387 325 1468 petitio
352 1385 444 1448 tacita
466 1382 642 1466 hypotheca
665 1384 698 1446 in
721 1384 880 1448 universis
894 1383 986 1450 bonis
1004 1385 1105 1448 mariti
1120 1384 1238 1449 mnnita
1250 1389 1312 1460 est,
1335 1397 1418 1463 que,

214 1488 241 1554 si
268 1486 386 1552 mulier
412 1485 478 1566 ipsa
507 1485 620 1548 eiusve
646 1484 739 1548 liberi
769 1485 964 1548 exactionem
989 1484 1072 1548 dotir
1094 1485 1221 1561 habent,
1246 1485 1418 1567 privilegis

216 1587 352 1672 gaudet,
377 1602 493 1666 quo
459 1585 625 1661 omnihus,
657 1590 772 1666 prater
793 1584 921 1664 liscum,
947 1587 1049 1650 mariti
1073 1585 1300 1662 oreditoribus,
1323 1589 1418 1649 etiarn

216 1688 388 1774 prioribus,
413 1692 461 1750 est
482 1685 631 1767 potior-⁴).

257 1791 287 1872 §-
299 1788 371 1854 391.
415 1785 516 1848 Paetis
539 1785 708 1864 dotalibus,
732 1803 820 1868 sepe
844 1789 912 1852 iura
935 1805 1007 1868 quro
1026 1787 1132 1852 dotem
1145 1794 1300 1870 spectant
1321 1787 1420 1852 aliter

216 1889 408 1952 deliniuntur
419 1888 459 1974 ὖ1

258 1992 290 2074 ξ.
303 1986 376 2054 392.
420 1987 557 2068 Pupillus
584 1991 654 2052 sine
677 1989 791 2052 tutoris
811 1989 998 2052 auctoritate
1021 2005 1074 2052 res
1097 2005 1171 2052 suas
1192 1989 1334 2052 alienare
1354 2006 1419 2052 non

96 2118 99 2133 ¹
214 2107 322 2174 ptpse,
342 2091 401 2152 ianr
413 2106 454 2152 ex
474 2088 513 2150 iis
532 2089 688 2167 sequitur,
710 2105 780 2174 quae
796 2105 892 2168 supra
906 2089 938 2150 in
952 2087 1034 2151 libro
1051 2088 1075 2152 l.
1100 2088 1247 2174 (1.230.)
1270 2089 1420 2166 diximus,

217 2207 273 2256 eos
292 2188 507 2254 conditionem
526 2204 615 2252 suarn
629 2188 821 2252 deteriorem
837 2189 943 2252 tacere
957 2206 1020 2252 non
1034 2207 1140 2269 posse.
1183 2189 1282 2253 Simili
1295 2191 1420 2253 ratione

219 2307 278 2354 neo
299 2289 333 2366 ii,
354 2288 410 2369 qui
432 2289 463 2350 in
486 2288 647 2352 curatione
670 2293 753 2364 sunt,
776 2305 828 2350 res
847 2304 923 2358 suas
945 2289 976 2352 in
989 2287 1070 2352 alios
1086 2288 1260 2354 hunslerre
1274 2294 1420 2372 possunt.

220 2388 283 2454 Sed
305 2387 479 2452 novissimo
502 2388 573 2450 iure
601 2405 661 2450 neu
684 2387 840 2451 tutoribus
865 2388 1051 2468 permissum
1075 2394 1142 2466 ert,
1176 2407 1231 2453 ear
1259 2391 1329 2454 sina
1351 2409 1422 2454 nra-
1535 2395 1536 2398 ’

216 2490 368 2573 gistratus
393 2487 522 2551 decreto
544 2487 694 2550 alienare.
738 2487 871 2550 Primum
896 2488 1063 2569 Septimius
1086 2489 1225 2554 Severus
1247 2492 1419 2571 imperator

171 2659 174 2666 ,
215 2589 378 2654 interdixit
399 2591 458 2666 iis,
482 2607 523 2653 ne
544 2589 660 2672 predia
682 2589 800 2652 rustica
820 2587 877 2652 ‘vel
900 2588 1079 2654 suburbana
1101 2590 1332 2667 distraherent,
1353 2590 1418 2653 uisi

216 2699 305 2778 pater
327 2696 513 2756 testamento
525 2695 579 2752 aut
599 2689 755 2752 codicillis
768 2689 800 2752 id
815 2692 1022 2770 permisisset,
1043 2690 1096 2754 vel
1107 2709 1151 2758 aes
1165 2692 1301 2770 alienum
1314 2695 1420 2756 inter-

219 2795 371 2870 uenisset,
396 2808 458 2874 quo
473 2807 548 2854 casu
564 2791 767 2873 magistratus
783 2789 924 2868 decreto,
948 2809 1041 2856 causa
1058 2795 1197 2877 cognita,
1220 2795 1420 2875 interposito,

217 2895 365 2962 alienatio
389 2893 457 2956 lieri
478 2897 588 2974 posset
599 2893 635 2974 61.
681 2890 903 2956 Constantinus
924 2892 1056 2958 aliarum
1076 2911 1203 2974 quoque
1221 2911 1326 2960 rerum
1341 2911 1421 2975 pru·

218 2997 319 3060 hibuit
341 2994 575 3070 alienationem,
599 2997 714 3074 preter
737 3011 790 3056 eas
813 3009 884 3070 res,
900 2979 978 3074 'qum
1001 3000 1142 3076 tempore
1164 2994 1364 3076 deperirent,
1387 2996 1421 3058 in

137 3113 144 3140 t
218 3113 352 3180 quarum
374 3094 580 3158 distractione
610 3098 744 3156 tutorem
774 3093 825 3158 vel
853 3100 1029 3160 curatorem
1052 3101 1228 3160 cessantem
1249 3113 1309 3159 suu
1330 3096 1421 3176 peri·

220 3197 292 3261 culo
317 3213 446 3260 cessure
467 3195 575 3258 statuit
591 3193 629 3281 τ1.
674 3193 867 3258 lustinianus
890 3196 951 3258 hoc
978 3198 1028 3258 ius
1056 3213 1141 3259 noro
1162 3196 1279 3262 robore
1301 3194 1420 3260 contir-

218 3299 314 3362 mavit
325 3297 362 3378 ⁸).
407 3295 495 3359 Unde
519 3295 612 3360 hodie
637 3296 736 3358 omnis
761 3294 930 3372 alienatio,
964 3297 1025 3358 nisi
1055 3314 1163 3360 earum
1193 3313 1318 3373 rerum,
1348 3311 1420 3376 que

220 3397 379 3463 servando
402 3397 525 3459 servari
547 3401 719 3477 nequeunt,
739 3395 895 3458 tutoribus
918 3401 949 3458 et
966 3396 1166 3460 curatoribus
1179 3401 1230 3458 est
1242 3394 1422 3472 interdieta,

220 3517 280 3562 nec
302 3499 364 3560 nisi
387 3502 523 3580 urgente
547 3497 750 3572 necessitate,
774 3515 815 3559 ex
838 3495 966 3559 decreto
987 3498 1199 3580 magistratus,
1222 3514 1315 3560 causa
1338 3513 1423 3580 cog-

219 3602 294 3677 nita,
321 3597 521 3680 permittitur.

221 3738 419 3752 m-

255 3805 545 3870 lar...,33u23
565 3803 615 3872 (tir
620 3802 936 3929 3cit)....o210h.t

255 3868 1357 4002 210511.ἔὲ5130111111.ῙιιινοὲυιτΛριιᾱῐΠρΛιῑὲὃ

255 3951 346 4018 itm.
365 3949 422 4003 51
420 3967 440 4002 r.

254 4020 486 4088 &cmii

255 4093 327 4160 bib.
345 4093 371 4146 2.
397 4093 465 4145 lb.
483 4095 503 4142 t
529 4093 562 4144 D.
581 4087 625 4154 97,
643 4089 661 4142 9
688 4087 737 4156 (do
758 4089 840 4142 rebus
858 4103 952 4141 eorum
970 4089 1082 4157 quiaub
1101 4087 1186 4140 tutela
1204 4087 1249 4138 rol
1268 4099 1333 4138 curs
1351 4087 1423 4144 sunt,

221 4166 278 4218 sino
296 4165 404 4218 dormio
422 4159 657 4228 nonalienandlr)
680 4155 848 4222 001537.
866 4166 894 4212 at
912 4155 956 4212 72.
975 4175 1031 4229 req.
1066 4159 1231 4211 Iustinianus
1247 4155 1347 4208 hocin
1365 4155 1423 4206 lur-

220 4236 385 4290 titudonibur
406 4235 461 4290 ruis
480 4234 586 4288 edatio
604 4233 743 4302 preteriit,
768 4247 828 4300 qum
844 4229 915 4290 inb.
935 4229 1076 4294 258111,
1096 4229 1228 4282 aliolooe
1248 4242 1424 4294 exponemus.

219 4306 526 4368 balsamus

552 3945 723 4002 amorra.
743 3947 787 4000 31.
805 3948 838 3998 D.
857 3948 921 3998 lat.

504 3951 640 4084 mals.
739 4015 821 4083 6)V.
840 4020 873 4069 D.
896 4014 940 4080 25,
958 4015 1145 4084 4(dspsotir
1162 4015 1320 4078 dotalibus).

255 4375 347 4444 mh.
369 4375 395 4430 7.
415 4377 438 4437 b
459 4369 920 4441 1.u.,ast(uuummacrnc).
939 4366 1425 4435 ambassatorem)
1532 4367 1533 4374 ’

221 4449 289 4506 (1.4.
309 4446 435 4512 (1572
453 4445 574 4516 (quando
596 4445 704 4498 docnto
723 4460 792 4512 opus
809 4459 864 4498 uon
885 4440 946 4508 ast).

256 4519 285 4588 81
304 4518 437 4574 &bb-G.
454 4514 534 4583 287
555 4513 682 4583 (tituil.)-
701 4513 760 4570 ab.
778 4514 809 4570 0.
819 4512 846 4580 5,
863 4511 899 4570 71
919 4511 955 4582 (ri
971 4483 1426 4576 adremuneraretur).
