3064 4966
205 309 260 366 208
520 319 720 360 rusurrurrom
740 321 814 360 ιπιιι
833 323 937 360 acuatu
956 323 1077 362 curvari.

210 453 332 535 galerio
353 452 535 531 praestiterit
546 454 586 537 l).
629 453 775 533 Denique
795 452 932 518 Falcidia
961 460 1065 518 cessat
1093 455 1124 516 in
1146 454 1259 537 legatis
1281 455 1320 518 ad
1341 457 1411 538 pias

210 569 321 616 causas
342 550 463 614 relictis
484 558 515 614 et
536 552 723 634 quibusdam
745 553 817 615 aliis
826 554 866 640 ²).

337 755 405 807 TIT.
425 755 471 808 vt.
507 755 556 806 DE
572 753 927 808 FIDEIOOMMISSARIIS
946 755 1238 810 fluuuutuaumus
1250 754 1282 822 ⁸).

252 907 282 987 ξ.
297 905 368 970 729.
412 903 610 968 haecomnia
643 907 769 996 quidem
801 905 883 970 dieta
913 913 986 968 suut
1014 906 1053 969 de
1085 907 1200 992 legatis
1230 907 1283 970 vel
1312 907 1413 969 rebus
1516 903 1517 906 ’

212 1006 348 1088 singulis
370 1024 428 1086 per
449 1005 722 1068 fideicommissum
742 1007 882 1081 relictis;
909 1007 964 1069 sed
988 1013 1155 1071 testatores
1170 1011 1260 1072 etiam
1274 1009 1413 1071 heredes

213 1126 330 1190 rogare
351 1111 495 1187 possunt,
518 1112 552 1166 ut
574 1112 669 1168 totam
692 1107 908 1184 hereditatem,
931 1107 984 1169 vel
1006 1114 1125 1188 partem
1143 1112 1210 1172 cius
1229 1110 1323 1172 alicui
1338 1128 1414 1172 res-

210 1211 323 1269 tituant
332 1226 340 1282 3
365 1207 418 1286 qui
442 1213 515 1286 post
535 1207 645 1268 laetam
669 1209 900 1270 restitutionem
924 1210 1017 1271 heres
1039 1210 1190 1286 efficitur,
1220 1211 1358 1292 ideoque
1381 1214 1413 1274 in

211 1327 302 1371 omne
326 1309 375 1369 ius
394 1305 534 1369 defuncti
555 1307 708 1384 succedit,
733 1307 866 1388 eiusque
880 1327 1045 1390 personam
1067 1313 1203 1374 sustinet
1216 1330 1276 1374 non
1297 1314 1413 1376 minus,

213 1427 249 1473 ac
272 1408 452 1470 fiduciarius
476 1407 570 1470 heres
595 1413 666 1469 ante
691 1409 932 1471 restitutionem.

252 1514 282 1593 §-
298 1511 369 1575 730.
413 1510 553 1590 Antiquo
575 1511 645 1572 iure
667 1510 737 1572 talis
760 1510 1067 1574 fideicommissarius
1093 1513 1219 1577 heredis
1248 1513 1319 1576 loco
1349 1533 1413 1576 non

211 1616 288 1687 erat,
313 1611 368 1673 sed
389 1616 460 1692 post
473 1611 703 1672 restitutionem
723 1609 907 1674 hereditatis
926 1617 960 1673 ut
977 1611 1149 1699 legatarius
1167 1617 1334 1694 partiarius
1350 1616 1412 1678 ha·
1517 1669 1518 1672 ,

207 1711 350 1774 bebatur.
379 1711 673 1778 ¹Senatusoonsulto
706 1712 829 1774 demum
860 1713 1059 1777 Trebelliano
1089 1721 1211 1777 cautum
1237 1721 1306 1794 est,
1342 1717 1410 1804 (an.

213 1832 245 1875 u.
269 1832 296 1874 o.
320 1811 392 1877 814.
416 1812 474 1874 sub
500 1811 641 1898 Nerone)
667 1819 702 1874 ut
724 1815 863 1876 actiones
888 1817 1031 1877 restituta
1059 1815 1234 1878 hereditate
1245 1815 1272 1898 4)
1304 1823 1414 1879 contra

212 1913 536 1976 fideicommissarium
566 1913 726 1975 darentur.
771 1913 832 1977 Sed
856 1933 924 1976 cum
947 1914 1151 1978 nihilominus
1174 1917 1328 1994 heredes,
1360 1919 1414 1999 qui

212 2016 316 2097 rogati
341 2019 431 2075 erant
453 2013 659 2076 hereditatem
684 2017 874 2094 restituere,
903 2016 931 2078 si
955 2015 1008 2077 vel
1030 2016 1148 2078 nullum
1178 2016 1230 2078 vel
1255 2018 1413 2080 minimum

214 2121 330 2178 tantum
360 2115 480 2178 lucrum
511 2115 715 2193 habuissent,
747 2133 831 2198 saepe
859 2122 1046 2180 recusarent
1077 2117 1165 2180 adire
1195 2118 1414 2195 hereditatem,

213 2217 526 2282 Senatuseonsultum
548 2217 754 2300 Pegasianum
777 2224 943 2297 successit,
966 2220 1049 2300 quod
1069 2221 1188 2298 statuit,
1210 2225 1244 2280 ut
1258 2221 1286 2282 si
1302 2218 1414 2282 heredi

214 2320 385 2382 restituere
408 2327 540 2403 rogato,
571 2326 682 2399 quarta
708 2339 782 2401 pars
804 2309 903 2384 libera
926 2339 987 2384 non
1011 2327 1112 2399 esset,
1142 2323 1169 2383 is
1192 2341 1276 2398 eam,
1308 2322 1353 2382 uti
1375 2339 1415 2382 ex

214 2419 288 2504 lege
313 2420 471 2498 Falcidia,
503 2423 644 2484 retinere
669 2440 709 2484 ex
738 2421 912 2485 hereditate
938 2429 1066 2504 posset,
1098 2423 1129 2484 in
1157 2421 1312 2486 eiusmodi
1335 2439 1414 2484 vero

215 2539 301 2598 casu,
320 2522 374 2583 ubi
394 2537 456 2584 non
478 2521 662 2602 simpliciter
685 2540 725 2584 ex
747 2523 1027 2589 Senatusconsulto
1050 2522 1250 2586 Trebelliano
1272 2528 1336 2586 tota
1353 2522 1414 2584 he-

213 2621 344 2698 reditas,
366 2628 510 2702 quantam
533 2624 626 2685 heres
649 2625 820 2686 restituere
839 2631 970 2706 rogatus
992 2635 1068 2702 erat,
1093 2625 1330 2701 restituebatur,
1353 2625 1416 2686 sti-

123 2793 132 2806 ,
214 2723 391 2804 pulatibnes
412 2723 510 2802 partis
535 2727 566 2783 et
587 2741 644 2803 pro
666 2730 755 2803 parte
776 2725 860 2786 inter
883 2722 1078 2786 fiduciariam
1101 2729 1133 2787 et
1154 2723 1415 2787 fideicommissa-

214 2825 294 2886 rium
317 2823 617 2902 interponebantur,
650 2817 826 2886 actionibus
849 2829 958 2906 contra
979 2823 1066 2886 illum
1089 2829 1207 2888 tantum
1230 2829 1416 2905 competen-

214 2925 310 3002 tibus,
336 2940 405 2985 eum
431 2924 483 2985 hio
506 2923 650 3006 legatarii
673 2923 744 2988 loeo
768 2925 940 2988 haberetur
954 2925 994 3012 ⁶).
1038 2925 1123 2988 ldem
1147 2923 1416 2990 senatusconsul-

215 3029 280 3085 tum
303 3025 470 3104 praeoepit,
501 3029 535 3085 ut
556 3025 650 3086 heres
672 3043 798 3107 semper
820 3025 989 3089 adstrictus
1014 3031 1100 3087 esset
1122 3025 1159 3088 ad
1183 3025 1415 3108 suscipiendam

147 3127 151 3139 ’
215 3124 438 3202 hereditatem,
462 3143 552 3205 quam
575 3127 744 3189 restituere
768 3133 835 3189 erat
856 3133 1007 3210 rogatus,
1038 3133 1155 3208 utque,
1186 3128 1213 3188 si
1237 3146 1303 3189 eam
1325 3127 1416 3206 quasi

216 3225 393 3289 damnosam
414 3225 502 3288 adire
526 3226 681 3304 noluerit,
703 3228 839 3304 Praetor,
861 3233 987 3308 petente
1009 3227 1321 3304 fideicommissario,
1344 3243 1416 3288 eum

215 3344 334 3409 eogere
356 3325 498 3404 deberet,
521 3327 648 3390 adeam
671 3328 902 3408 suscipiendam
930 3334 961 3390 et
984 3333 1079 3389 totam
1102 3326 1339 3402 restituendam,
1362 3327 1417 3402 ita,

216 3431 251 3486 ut
272 3427 346 3488 ei'et
367 3427 398 3488 in
417 3445 498 3504 eum,
523 3429 577 3507 qui
591 3427 749 3507 reciperet
762 3427 980 3505 hereditatem,
1003 3429 1142 3490 actiones
1155 3427 1318 3504 darentur,
1339 3445 1418 3508 per-

216 3525 290 3589 inde
312 3533 406 3606 atque
426 3529 453 3589 si
475 3545 514 3590 ex
528 3527 727 3590 Trebelliano
745 3528 1025 3592 Senatusconsulto
1039 3547 1074 3590 ea
1087 3529 1234 3590 restituta
1250 3527 1365 3588 luisset
1376 3527 1416 3612 6).

259 3632 289 3711 ξ.
305 3627 375 3692 731.
421 3627 612 3691 lustinianus
635 3629 695 3690 hoc
718 3630 767 3692 ius
790 3648 897 3706 omne,
929 3630 1060 3709 exploso
1081 3627 1245 3711 Pegasiani
1267 3631 1418 3688 senatus-

218 3725 356 3790 consulti
380 3729 523 3804 nomine,
555 3729 732 3792 auctoritati
755 3729 945 3815 Trebelliani
970 3727 1242 3796 senatusconsulti
1264 3726 1418 3792 attribuit,

253 3977 281 4045 1)
300 3978 342 4030 Fr.
359 3976 402 4031 46.
423 3974 466 4030 71.
488 3974 519 4029 D.
538 3979 565 4030 h.
582 3985 600 4032 t.
622 3997 644 4034 o.
666 3980 691 4033 9.
712 3979 753 4032 19.
772 3981 801 4032 0.
823 3979 885 4032 eod.
908 3979 974 4033 Nor.
994 3977 1018 4032 1.
1036 3995 1060 4030 o.
1079 3976 1104 4030 3.

254 4048 283 4116 2)
304 4050 372 4102 Nor.
392 4047 452 4101 131.
471 4066 493 4102 c.
512 4049 554 4103 12.

254 4119 283 4187 3)
303 4123 322 4173 I.
341 4120 366 4186 2,
387 4119 422 4173 23
439 4120 486 4188 (do
504 4122 732 4174 fideicommissar.
751 4116 914 4185 hereditat).
937 4117 997 4171 Gai.
1016 4117 1041 4170 2.
1062 4117 1084 4177 §-
1102 4114 1163 4170 247.
1181 4133 1236 4186 seq.
1255 4116 1315 4184 urg.
1327 4113 1381 4181 ¹35,
1403 4115 1420 4170 2

218 4197 247 4249 0.
265 4193 291 4257 6,
310 4190 345 4246 49
363 4193 410 4260 (de
428 4193 526 4246 SOtum
545 4190 764 4258 Trebellianum).
783 4210 807 4244 o.
831 4193 979 4258 Vcnqarow
1001 4187 1040 4250 §h
1060 4185 1209 4242 565-568.
1271 4251 1273 4256 Ι

157 4277 159 4282 “
252 4264 282 4332 4)
301 4266 457 4318 Aeouralius
477 4267 533 4316 hec
551 4270 709 4317 enarrantur
727 4263 801 4332 apud
821 4264 880 4316 Gai.
891 4263 915 4317 2.
931 4262 954 4323 5.
964 4259 1025 4315 253.
1045 4260 1067 4320 ἓ.
1080 4259 1106 4313 4.
1125 4259 1145 4312 Ι.
1165 4262 1192 4314 h.
1212 4265 1230 4314 t.
1251 4265 1278 4312 et
1294 4258 1322 4312 iu
1342 4259 1421 4314 uom-

218 4343 362 4393 mamertia
381 4341 447 4391 mata
465 4342 483 4388 t.
504 4335 529 4388 3.
550 4355 576 4402 p.
596 4333 655 4388 508.
675 4352 729 4404 soq.

253 4411 282 4474 b)
303 4411 361 4461 Gai.
381 4409 406 4462 2.
426 4407 449 4468 ἓ.
468 4404 529 4460 254.
549 4407 611 4474 Ulp.
630 4407 727 4458 XXVI.
747 4404 789 4457 15.
810 4404 834 4464 d.
853 4402 878 4456 5.
897 4401 995 4457 Laod.

253 4479 282 4545 6)
303 4478 327 4540 ὃ.
346 4477 371 4531 6.
391 4479 408 4529 l.
428 4477 489 4531 eod.
509 4475 568 4530 (aar.
588 4477 613 4530 2.
634 4475 658 4538 ἐ.
677 4475 738 4531 255.
759 4482 855 4543 etseq.
