3082 4976
615 343 697 386 mu
714 345 732 384 r.
751 345 809 388 etr.
832 346 875 388 ru.
1306 341 1342 406 42

145 471 286 544 creatur,
307 484 372 537 uon
393 472 444 534 ast
464 472 568 534 intua
591 478 759 552 potestate,
781 474 838 538 sed
861 476 893 538 in
916 477 1014 556 patris
1038 481 1108 548 eius
1130 479 1182 550 vet
1212 485 1264 552 nri
1285 501 1346 564 ps·

145 569 247 644 terui,
267 567 321 632 vel
344 571 395 634 sui
416 572 495 636 iuris
518 577 568 637 est
588 571 692 650 bomo,
712 577 740 638 si
761 577 889 656 spurius
911 583 1002 645 nutus
1024 580 1115 660 sit1).

189 666 254 732 lum
275 669 374 751 igitur
394 670 575 749 videndum,
598 691 668 754 qum
687 675 779 739 iustm
800 678 863 739 sint
884 680 1011 772 nuptiae.

529 876 597 931 mm
615 878 665 930 m.
700 879 749 932 uu
768 877 953 948 norunsu.

185 1006 217 1084 ἕ.
230 1002 302 1066 160.
347 1003 472 1084 Nuptiae
496 1005 580 1091 (sive
602 1009 846 1096 matrimonium)
871 1029 888 1071 a
911 1011 1074 1073 veteribus
1095 1013 1243 1076 dicuutur
1263 1033 1344 1078 eon-

142 1103 266 1163 iuuetio
285 1105 380 1166 maris
396 1105 577 1183 etiamne,
599 1107 791 1172 individuam
804 1112 877 1173 vitm
891 1111 1149 1175 consuetudinem
1172 1113 1246 1200 (seu
1265 1131 1345 1177 eon-

141 1203 278 1264 sortium
300 1207 400 1266 omnis
421 1206 509 1294 vitae)
533 1209 717 1283 continens3
748 1209 846 1271 divini
868 1217 901 1272 et
921 1211 1048 1274 humani
1069 1213 1147 1276 iuris
1169 1215 1344 1277 commuui-

139 1303 224 1364 uatio
236 1303 275 1388 1).

187 1405 219 1486 ξ.
235 1405 306 1468 170.
352 1404 454 1470 iustas
476 1415 580 1471 autem
603 1412 727 1490 nuptias
747 1413 830 1472 inter
849 1429 888 1474 se
901 1413 990 1474 cives
1002 1412 1130 1475 itomtni
1146 1413 1344 1490 contrahunt,

44 1533 52 1546 ·
141 1507 199 1584 qui
228 1507 402 1571 secundum
431 1515 587 1590 precepta
617 1509 725 1593 legum
754 1515 887 1589 coeunt,
916 1515 938 1575 i.
961 1533 990 1576 e.
1013 1515 1041 1576 si
1063 1512 1222 1576 masculus
1243 1513 1344 1594 pubes

112 1631 116 1638 ·
141 1611 177 1668 et
198 1605 313 1670 femina
337 1609 398 1670 viri
422 1613 555 1690 potens,
576 1609 657 1673 nulli
678 1615 865 1676 matrimonii
888 1615 1017 1678 vinonio
1041 1615 1140 1676 iuneti
1164 1621 1196 1676 et
1218 1630 1343 1676 conuu-

141 1709 230 1770 bium
254 1711 338 1770 inter
359 1727 395 1770 se
417 1709 581 1787 habentes,
603 1712 643 1774 de
663 1714 802 1776 ineundo
818 1716 1014 1778 matrimonio
1032 1717 1242 1792 consentiunt,
1264 1733 1344 1778 oon-

140 1809 354 1872 sentientibus
380 1812 473 1873 etiam
494 1813 546 1888 iis,
569 1815 600 1874 in
625 1830 757 1893 quorum
779 1821 936 1896 potestate
957 1822 1124 1878 versantur
1136 1815 1176 1904 1).

183 1911 215 1992 §-
231 1910 302 1972 171.
346 1910 456 1992 Neque
472 1915 558 1975 servi
571 1932 676 1994 noque
696 1918 860 1998 peregrini
883 1915 1022 1998 legitima
1044 1917 1238 1978 matrimonia
1259 1931 1340 1975 oon-

141 2009 272 2071 trabere
297 2019 429 2092 possunt
437 2031 446 2088 3
469 2015 518 2075 bis
541 2015 666 2094 quidem
690 2019 781 2078 iustae
803 2019 921 2097 nuptie
943 2035 1012 2080 oum
1038 2017 1162 2079 civibus
1181 2016 1344 2095 permissu

138 2115 237 2186 sunt,
269 2113 297 2172 si
319 2113 487 2196 principali
511 2117 737 2178 constitutione
759 2117 949 2179 connubium
972 2119 1012 2179 iis
1038 2131 1224 2178 eoncessum
1245 2117 1287 2178 sit
1299 2115 1341 2203 1).

138 2207 228 2271 Duas
250 2227 367 2275 uxores
390 2214 501 2276 eodem
524 2221 666 2298 tempore
687 2216 815 2293 habere,
842 2217 892 2279 uei
915 2217 1039 2279 duobus
1063 2222 1188 2297 nuptam
1206 2232 1278 2278 esse
1295 2216 1344 2277 si-

138 2311 206 2372 mui
235 2329 299 2373 uon
323 2313 398 2376 lieet
411 2314 449 2401 1).
493 2315 554 2388 Qui
585 2335 743 2399 generare
772 2317 865 2379 facile
896 2335 959 2381 non
987 2321 1108 2398 potest,
1140 2315 1343 2378 nibilominus

82 2462 90 2480 ,
140 2429 276 2475 uxorem
299 2413 416 2477 ducere
439 2421 554 2496 potest,
577 2418 635 2480 sed
658 2435 728 2480 oum
752 2423 887 2480 eustruto
909 2421 1017 2480 initum
1040 2418 1268 2480 matrimonium
1289 2417 1343 2477 in·

138 2511 220 2572 utile
242 2517 291 2574 est
306 2512 345 2602 1).

183 2614 215 2694 ξ.
230 2612 302 2675 172.
345 2611 469 2694 Nuptis
496 2617 673 2678 consistere
690 2635 753 2678 non
769 2623 912 2698 possunt,
934 2619 994 2679 nisi
1010 2619 1207 2680 consentiant
1221 2631 1341 2690 omnus,

139 2714 162 2774 1.
188 2731 218 2774 e.
244 2713 299 2794 qui
323 2716 456 2792 coeunt,
485 2733 682 2798 quorumque
704 2719 736 2778 in
758 2723 914 2798 potestate
935 2724 1019 2780 sunt.
1064 2718 1140 2780 indo
1170 2735 1240 2799 quae
1262 2735 1342 2780 eon-

141 2830 272 2876 sensum
293 2816 468 2896 impediunt
487 2822 522 2877 ut
538 2817 627 2880 iuror
650 2824 681 2880 et
701 2837 802 2896 error,
826 2821 918 2883 etiam
932 2821 1162 2882 matrimonium
1178 2819 1289 2880 vitiant
1299 2817 1340 2905 1).

138 2913 266 2977 Furiosi
296 2915 393 2979 tilium
416 2923 518 2980 tamen
541 2937 604 2981 non
627 2921 729 2981 minus
753 2937 845 3000 quam
865 2921 960 2983 tiliam
989 2921 1216 2984 matrimonium
1245 2935 1341 2999 posse

138 3016 292 3097 copulare
313 3020 383 3079 sine
404 3021 503 3098 patris
524 3021 724 3098 interventu‚‘
749 3029 910 3104 receptum
932 3027 981 3084 est
995 3023 1035 3109 1).
1080 3021 1156 3084 item
1182 3022 1227 3096 is,
1249 3021 1341 3082 ouius

139 3123 233 3200 pater
256 3119 295 3180 ab
316 3120 461 3182 hostibus
482 3127 591 3203 eaptus
615 3127 681 3199 est,
712 3125 739 3185 si
764 3141 826 3186 non
854 3126 935 3186 intra
959 3125 1128 3186 triennium
1150 3125 1341 3194 revertatur,

140 3235 274 3282 uxorem
297 3219 415 3283 duuere
436 3225 559 3302 potest3
578 3222 661 3284 idem
683 3223 860 3300 dicendum,
884 3225 911 3285 si
934 3225 976 3286 itu
1002 3224 1083 3286 absit
1103 3227 1203 3304 pater,
1229 3227 1265 3282 ut
1287 3223 1342 3303 ig-

140 3325 276 3382 noretur
296 3320 351 3381 ubi
374 3324 425 3397 sit,
449 3327 481 3384 et
502 3341 541 3383 an
564 3325 616 3398 sit,
642 3329 674 3384 et
696 3325 863 3386 triennium
887 3323 1064 3397 effluxerit3
1088 3321 1252 3383 dummodo
1274 3337 1341 3382 eam

139 3419 226 3481 iilius
246 3419 341 3482 ducat
361 3439 492 3484 uxorem
514 3422 567 3485 vel
590 3423 652 3485 ulia
674 3424 729 3486 tali
752 3425 859 3501 nubat,
886 3426 975 3486 ouius
996 3423 1206 3486 conditionem
1221 3426 1340 3484 certum

142 3522 187 3582 sit
210 3526 329 3601 patrem
349 3539 412 3585 non
435 3523 672 3605 repudiaturum
688 3525 737 3606 ¹⁰).
780 3523 902 3606 Nepote
924 3543 1056 3588 uxorem
1078 3523 1230 3600 ducente,
1257 3500 1368 3583 iilius'

173 3776 203 3846 1)
222 3780 246 3841 i.
265 3779 290 3834 a
307 3783 328 3834 1.
351 3781 377 3844 1,
396 3784 413 3840 9
430 3782 480 3846 (tit
500 3783 564 3851 ou).
582 3787 613 3840 fr.
633 3783 660 3849 t,
678 3784 703 3840 5.
720 3789 754 3840 1).
774 3786 801 3850 1,
818 3785 835 3838 6
854 3783 904 3854 (ru.
923 3782 986 3851 ott).
1181 3851 1189 3866 Ι

173 3849 204 3916 2)
220 3856 285 3905 Inst
305 3853 332 3915 1,
351 3851 387 3906 10
407 3853 454 3919 (de
472 3855 592 3924 nuptiis).
630 3857 689 3910 Gai.
707 3859 732 3911 1.
752 3855 828 3919 §.bb
848 3877 902 3928 seq.
920 3859 982 3924 Dig-
1001 3850 1045 3917 23,
1064 3851 1081 3904 2
1102 3849 1332 3918 (111111111111·

137 3920 221 3988 rum).
244 3923 312 3976 cod.
326 3920 352 3986 5,
369 3922 387 3976 4
407 3923 455 3992 (de
472 3927 592 3998 nuptiis).
1102 3959 1118 3982 ο

172 3989 202 4060 3)
221 3995 432 4050 unumunurm
448 4001 480 4052 fr.
490 4002 524 4052 1).
538 4003 594 4052 lut
629 3999 793 4054 Iustiniauus
810 3999 904 4060 iu§.1.
922 3995 1009 4064 tut
1027 3989 1338 4064 (deptffibpomiti

172 4063 203 4130 4)
222 4067 266 4118 Pr.
286 4067 350 4118 Inst
370 4067 397 4118 b
418 4074 437 4119 t
587 4065 616 4136 5)
637 4071 697 4124 Gai.
714 4070 740 4124 1.
759 4069 783 4130 §-
802 4069 844 4124 56.
864 4063 907 4122 57.

172 4135 202 4200 6)
221 4137 245 4198 ἓ.
265 4134 334 4192 67.
359 4139 380 4189 l.
398 4139 426 4194 b.
444 4145 462 4194 t.
485 4157 509 4192 u.
528 4139 553 4194 2.
584 4141 651 4195 cod.
669 4140 695 4207 b,
714 4139 731 4194 5
752 4140 801 4208 (do
817 4144 910 4200 inussit
928 4135 1024 4208 nupt).
1048 4154 1072 4190 ο.
1092 4134 1135 4194 18.
1155 4133 1199 4192 30.
1226 4133 1335 4200 (1169

138 4203 190 4272 (ud
207 4211 261 4274 leg.
279 4209 331 4260 IuL
351 4208 387 4262 de
406 4209 541 4278 uuolton).

172 4275 202 4345 7)
219 4281 264 4331 Fr.
280 4278 325 4332 39.
342 4279 364 4342 5.
374 4281 399 4334 1.
417 4283 450 4334 D.
460 4281 504 4346 23,
523 4281 540 4336 3
559 4279 606 4350 (da
622 4283 680 4336 iuro
704 4279 781 4350 dot).
801 4284 834 4337 fr.
851 4280 877 4334 6.
893 4283 928 4333 D.
946 4277 991 4344 28,
1008 4277 1026 4332 2
1043 4275 1094 4348 (ds
1112 4277 1205 4332 liberis
1222 4273 1338 4340 uersu.)-

171 4347 1336 4484 8)ΡιαΙιιιὶιέ1;.2.Ι).6.ι1616627622.11766614.(11.6

136 4423 217 4474 Puul.
235 4423 270 4474 Π.
290 4422 333 4477 19.
370 4460 377 4477 .
415 4461 422 4475 .

172 4490 203 4559 2)
221 4495 265 4544 Pr.
283 4492 621 4548 strumosos
770 4489 817 4558 10)
835 4490 993 4548 urs-11.
1013 4491 1130 4546 Mt

1135 4594 1155 4648 4
