3082 4976
656 352 847 397 tnruobucrlo,
1308 347 1344 402 35

191 489 222 567 ξ.
244 483 314 549 116.
358 482 420 546 Sed
432 489 496 544 tum
508 483 630 550 demum
654 486 851 548 consuetudo
873 485 957 567 legis
979 487 1072 548 babet
1097 491 1251 572 vigorem,
1275 509 1345 554 curn

147 591 290 664 constet,
312 604 379 648 carn
401 603 459 667 pro
483 587 562 648 iuris
583 588 695 669 regula
719 605 776 668 per
800 586 929 669 longum
953 594 1075 670 tempus
1097 592 1207 656 iisdem
1221 595 1252 656 in
1266 612 1345 657 cau-

147 688 193 748 sis
218 679 324 748 luissc'
350 686 566 764 observatam,
598 705 657 748 neo
680 705 716 749 ca
740 693 847 749 contra
864 687 970 764 ¹bonos
990 707 1094 753 mores
1116 691 1168 754 vcl
1192 695 1343 759 rationem

147 787 285 850 offendat
296 787 334 874 ¹).

189 892 221 971 ξ.
234 890 305 951 111.
349 888 418 950 Pari
437 889 529 950 modo
544 906 601 968 pro
624 888 698 970 lege
717 890 766 949 ius
787 907 844 968 per
865 889 986 951 iudices
1005 895 1165 969 receptum
1189 889 1344 952 observa-

146 991 209 1064 tur,
234 994 266 1049 et
285 989 317 1048 in
338 989 605 1072 ambiguitatibus,
619 1006 689 1068 quae
705 1007 745 1049 cx
759 988 885 1070 legibus
900 989 1153 1069 proficiscuntur,
1175 992 1236 1051 vina
1260 989 1343 1074 legis

144 1088 277 1166 obtinet,
300 1075 433 1169 cnudo
449 1087 663 1164 confirmatum
686 1095 735 1160 cst
759 1105 863 1164 rasura
885 1096 1040 1176 perpetuo
1060 1089 1341 1167 sinssitariudica-

145 1195 248 1251 tarum
270 1191 457 1252 auctoritate
469 1187 505 1270 2).

277 1379 345 1430 TIT.
365 1379 412 1430 111.
450 1379 498 1428 DE
517 1375 613 1429 IURIS
633 1376 790 1430 REGULIS
810 1379 858 1428 AD
877 1377 1056 1431 SINGULAS
1076 1378 1212 1433 CAUSAS

582 1465 904 1518 AGGOMMODANDIS,

190 1607 221 1684 ξ.
236 1601 307 1665 118.
352 1599 573 1662 Iurisconsulti
596 1605 663 1675 est,
697 1601 746 1662 ius
773 1601 887 1676 causis,
914 1619 972 1680 pro
995 1600 1112 1680 quibus
1136 1601 1346 1665 introductum

149 1709 212 1779 est,
236 1699 482 1764 accommodare.
506 1699 539 1760 ln
565 1717 628 1780 quo
645 1705 747 1762 autern
770 1717 900 1765 munere
923 1698 1084 1782 iungendo
1106 1707 1173 1763 arte
1196 1720 1276 1783 opus
1299 1709 1347 1766 cst

145 1808 180 1864 et
203 1801 343 1882 perlecta
366 1805 429 1860 turn
453 1801 543 1875 iuris,
567 1805 760 1868 tumueram
785 1800 986 1862 humanarum
1011 1802 1202 1884 cognitione.
1226 1803 1347 1866 Utirnur

146 1909 254 1966 autem
277 1903 347 1966 iure
368 1901 421 1962 vel
447 1900 521 1983 lege
539 1903 575 1962 in
597 1900 647 1964 bis
668 1901 794 1975 causis,
816 1899 853 1969 ad
876 1916 955 1979 quas
978 1900 1192 1981 principaliter
1213 1909 1345 1983 spectat.

144 2003 209 2068 Sed
235 2020 303 2066 curn
327 2019 431 2082 neque
454 2001 546 2084 leges
576 2018 679 2081 neque
702 2003 770 2062 iura
794 2001 835 2062 ita
857 2001 979 2080 possint
1007 2001 1104 2062 scribi
1126 2009 1157 2064 et
1186 2003 1345 2080 constitui,

145 2109 183 2164 ut
205 2120 314 2166 ornnes
341 2119 446 2178 casus,
471 2102 528 2182 qui
541 2099 729 2182 quandoque
752 2097 931 2176 inciderint,
957 2100 989 2160 in
1013 2101 1052 2164 iis
1075 2100 1347 2180 comprehendan-

146 2211 201 2267 tur
212 2223 221 2278 ;
256 2205 282 2272 is
307 2205 361 2286 qui
384 2203 594 2265 iurisdictioni
626 2189 759 2281 praeest,
789 2198 843 2262 ubi
880 2199 964 2284 legis
993 2202 1148 2262 sententia
1182 2201 1347 2265 manifesta

152 2311 214 2381 est,
239 2305 277 2366 ad
300 2304 413 2366 similia
435 2303 529 2366 debet
549 2301 736 2384 procedere,
762 2306 793 2362 et
812 2300 937 2380 quando
961 2300 1060 2362 sernel
1086 2299 1205 2381 aliquid
1228 2301 1349 2364 utiliter

142 2409 297 2472 statutum
310 2410 369 2482 est,
390 2409 520 2486 propter
533 2420 640 2489 parem
655 2402 807 2462 rationem
821 2399 902 2462 idern
925 2401 974 2462 ius
996 2402 1149 2463 similibus
1171 2404 1274 2472 causis
1286 2403 1347 2477 ad-

147 2506 272 2576 hibere.
327 2504 401 2566 llaec
433 2501 601 2584 applicatio
631 2501 724 2564 bodie
753 2518 837 2582 saepe
862 2501 946 2561 utilis
974 2503 1042 2562 sive
1067 2503 1229 2563 extensive
1249 2503 1348 2564 inter-

147 2606 297 2688 pretatio,
318 2603 371 2669 vel
393 2604 555 2684 analopica
575 2603 653 2663 ioris
675 2599 838 2682 productio
860 2601 1044 2687 vocaturi).
1096 2601 1148 2663 lus
1171 2602 1345 2686 singulare,

147 2714 260 2772 contra
281 2707 435 2771 rationem
458 2707 536 2766 iuris
559 2703 782 2778 introductum,
809 2707 935 2764 nonest
958 2701 1193 2782 producendum
1214 2702 1253 2765 ad
1267 2721 1347 2774 coa-

147 2808 344 2888 sequentias,
368 2808 481 2868 necin
505 2804 659 2866 similibus
684 2805 788 2864 causis
813 2803 932 2865 obtinet
945 2802 984 2890 ⁴).

190 2913 220 2990 ξ.
239 2908 309 2973 119.
353 2907 464 2988 Neque
489 2907 646 2978 tamenin
669 2905 815 2981 casibus,
844 2923 900 2986 pro
926 2905 1040 2986 quibus
1072 2906 1125 2967 lex
1144 2907 1261 2986 scripta
1287 2910 1346 2982 est,

146 2997 280 3092 propter
302 3009 401 3070 solarn
414 3012 588 3068 cessantem
611 3011 679 3072 cius
701 3007 866 3082 rationein,
891 3007 1067 3088 earnipsarn
1084 3025 1212 3072 cessare
1234 3007 1347 3069 dicen-

147 3110 222 3172 durn
231 3127 240 3183 3
268 3127 337 3170 nam
361 3126 422 3170 non
447 3107 599 3183 omnium,
633 3123 702 3186 quae
731 3125 750 3185 a
776 3105 946 3172 maioribus
967 3107 1136 3169 constituta
1159 3114 1242 3186 sunt,
1266 3109 1347 3172 ratio

147 3209 243 3274 reddi
264 3214 381 3290 potest,
405 3227 510 3289 neque
534 3208 625 3270 nobis
648 3207 723 3270 licet
748 3227 795 3284 ea,
820 3225 889 3288 quae
905 3214 991 3271 certa
1003 3215 1085 3286 sunt,
1109 3210 1297 3290 subvertere
1307 3210 1346 3296 ⁶),

149 3316 183 3374 et
201 3310 293 3392 leges
317 3329 380 3374 non
401 3311 535 3386 ratione,
558 3315 687 3392 propter
703 3326 806 3396 ,quarn
836 3307 907 3371 latae
929 3315 1019 3385 sunt,
1048 3327 1105 3372 nos
1133 3317 1256 3388 tenent,
1290 3309 1345 3377 sed

149 3411 324 3486 sanctione,
347 3427 408 3490 qua
430 3410 622 3472 muniuntur.

150 3547 349 3558 „—

205 3610 276 3680 )ur.
332 3611 402 3664 .39.
421 3614 455 3662 D·
478 3613 504 3662 h.
523 3618 541 3663 t.
560 3630 582 3664 c.
601 3611 628 3666 l·
648 3610 672 3662 2.
693 3612 722 3672 ,0.
742 3613 768 3666 h.
787 3617 806 3662 t.
839 3613 905 3662 Noa.
928 3609 987 3664 134·
1008 3628 1029 3662 c.
1050 3612 1073 3666 1.
1092 3615 1148 3666 inf.

205 3683 276 3820 {Fr
333 3685 474 3734 .l).h.t.
659 3679 688 3748 il)
708 3684 750 3733 Fr.
769 3679 882 3735 10-15.
904 3685 936 3734 D.
956 3685 983 3733 h.
1006 3689 1024 3734 t.

205 3824 215 3890 l

188 3615 199 3664 1

184 3684 202 3736 2

185 3754 204 3807 4

186 3827 204 3878 b
