3098 4966
172 351 207 404 92
441 333 443 336 ¹
489 355 689 393 institution!
711 355 785 393 iuliis
804 355 907 393 noum
928 355 1049 394 PRIVATI-

171 495 306 566 tuntum,
335 490 389 570 qui
411 489 449 550 ab
476 507 512 550 eo
533 491 622 568 porte
651 505 749 568 prope
778 490 876 568 ripum
899 489 1016 569 predio
1044 490 1220 570 possiderit.
1265 491 1372 556 Insula

170 592 225 654 uui
247 591 419 670 aequisita,
450 589 480 651 ei
505 595 536 651 et
558 590 652 650 iniis
682 588 896 651 alluvionibus
926 596 1047 668 monet,
1080 608 1149 672 que
1178 591 1372 655 latitudinem

170 691 280 773 predii
301 688 458 752 excedunt
472 691 512 777 1).
557 690 589 752 Si
611 708 689 752 vero
713 689 829 752 flumen
851 690 956 771 eliqua
978 697 1068 772 purte
1087 692 1234 769 divisum,
1258 692 1375 756 deinde

170 791 251 854 infru
274 792 405 868 unitum,
428 806 538 872 agrum
562 790 695 852 alieuius
716 791 748 851 in
770 789 883 852 insule
907 790 1037 854 formum
1062 792 1206 876 redegit,
1232 792 1374 856 eiusdem

171 898 334 974 permonet
356 892 395 969 ie,
421 892 511 954 ouius
534 896 624 952 anteo
647 890 760 978 suite).

151 1055 161 1070 .
213 997 243 1076 ξ.
255 993 327 1057 331.
373 991 462 1065 Quod
483 993 510 1053 si
533 991 647 1053 flumen
667 992 727 1053 olio
748 997 838 1072 porte
860 991 960 1054 fluere
982 993 1124 1072 eoeperit,
1147 991 1257 1053 alveus
1277 991 1374 1054 dere-

172 1094 266 1156 lictus
289 1110 398 1155 eorum
420 1091 463 1168 fit,
489 1093 543 1170 qui
568 1109 668 1172 prope
691 1094 789 1172 ripam
812 1093 880 1154 eius
903 1093 1020 1173 praedio
1035 1091 1200 1172 possident
1211 1110 1268 1172 pro
1282 1093 1373 1156 modo

171 1194 347 1258 latitudinis
370 1193 525 1271 cuiusque
550 1193 631 1273 agri,
653 1209 723 1271 quoe
744 1192 876 1254 latitudo
898 1210 998 1272 prope
1018 1193 1116 1272 ripum
1134 1197 1201 1267 est3
1225 1197 1256 1253 et
1272 1209 1374 1254 novus

173 1295 284 1359 alveus
307 1291 454 1374 publicus
478 1290 529 1366 fit,
559 1293 641 1352 siout
664 1292 764 1371 ipsum
789 1289 966 1378 domeni).¹
1000 1291 1032 1354 si
1056 1296 1088 1352 et
1109 1309 1225 1374 novum
1249 1292 1373 1355 alveum

172 1394 344 1474 dereliquit
371 1391 506 1468 flumen,
542 1393 593 1454 hio
623 1391 766 1454 similiter
790 1409 898 1454 eorum
923 1391 973 1468 iit,
1008 1393 1060 1471 qui
1087 1395 1229 1473 proximo
1260 1393 1375 1456 hebent

171 1495 300 1578 predio.
346 1493 441 1555 Cuius
472 1499 575 1554 tamen
604 1499 703 1555 totum
733 1509 845 1572 agrum
878 1510 980 1554 novus
1009 1493 1120 1554 alveus
1152 1499 1374 1575 occupaverat,

171 1598 247 1658 lieet
268 1595 307 1657 od
329 1597 467 1675 priorem
491 1594 615 1656 alveum
638 1611 804 1656 reversum
827 1593 923 1656 tuerit
948 1593 1082 1670 flumen,
1113 1613 1176 1656 non
1203 1601 1305 1657 tomen
1334 1597 1374 1672 is,

173 1698 264 1758 ouius
285 1697 313 1756 is
335 1713 413 1776 oger
435 1694 550 1770 fueret,
573 1695 679 1756 striota
702 1697 826 1756 ratione
850 1693 1019 1774 quidquam
1041 1695 1073 1755 in
1096 1711 1133 1756 eo
1148 1694 1240 1757 alveo
1257 1695 1374 1758 habere

173 1802 295 1877 potest,
329 1797 401 1876 quio
432 1793 488 1857 ille
517 1813 595 1877 ager
623 1797 676 1874 qui
706 1795 826 1871 iuerat,
861 1795 956 1857 desiit
980 1812 1073 1872 esse,
1106 1799 1218 1857 amissa
1249 1797 1375 1878 proprio

173 1897 288 1970 sormo;
313 1896 440 1974 etquis
463 1895 614 1976 praedium
639 1897 776 1957 vicinum
798 1896 917 1958 nulium
931 1897 1035 1972 habet,
1060 1913 1122 1958 non
1137 1901 1242 1977 potest
1254 1897 1376 1960 ratione

173 1997 342 2058 vicinitatis
364 1995 460 2059 ullam
483 2003 601 2077 partem
623 1998 655 2058 io
678 2015 716 2059 eo
737 1996 831 2059 alveo
852 1997 968 2058 hebere
981 1997 1020 2083 4).
1065 1997 1161 2058 Aliud
1182 2015 1259 2059 sume
1281 2003 1329 2060 est
1348 1999 1375 2059 si

174 2099 266 2162 euius
300 2116 379 2179 eger
409 2103 494 2160 totus
527 2097 696 2160 inundatus
730 2098 843 2172 soerit3
878 2116 1010 2178 nemque
1041 2097 1204 2160 inundatio
1238 2099 1375 2178 speeiem

118 2217 119 2220 ¹
174 2197 263 2260 fundi
283 2215 345 2260 non
369 2204 475 2274 mutet,
500 2204 531 2259 et
551 2200 578 2261 si
599 2201 840 2278 recessusque,
863 2197 1039 2279 palamst,
1063 2198 1191 2260 fundum
1209 2199 1278 2260 eius
1294 2217 1376 2275 esse,

178 2299 269 2360 ouius
294 2304 385 2360 antea
409 2299 565 2384 sueram).

218 2398 329 2481 §.332
374 2399 491 2462 Plantae
513 2405 545 2463 in
563 2401 666 2462 alieno
685 2401 753 2464 solo
773 2402 884 2480 posite
898 2403 966 2464 eius
982 2401 1069 2479 irunt,
1093 2403 1184 2466 euius
1202 2407 1250 2464 est
1264 2403 1377 2478 solum,
1442 2456 1444 2460 ,

177 2516 216 2560 ex
238 2517 301 2579 quo
325 2507 481 2564 momento
503 2501 626 2563 radices
649 2502 680 2562 in
704 2519 741 2563 eo
766 2509 904 2583 egerunt
926 2503 977 2564 vel
1001 2503 1205 2564 coaluerunt:
1238 2502 1378 2564 ereditur
1454 2499 1458 2507 “

176 2601 258 2662 enim
282 2601 388 2680 plenta
412 2602 473 2663 olio
494 2607 588 2662 terroe
607 2601 753 2664 alimento
777 2601 836 2663 olio
859 2601 980 2688 fierit),
1005 2603 1083 2665 adeo
1110 2609 1144 2663 ut
1164 2603 1258 2665 orbor
1279 2620 1379 2682 prope

178 2701 347 2764 confinium
369 2703 481 2782 posito,
506 2703 533 2763 si
556 2703 646 2764 etium
670 2704 701 2763 in
724 2702 821 2764 vieini
845 2701 974 2764 fundum
998 2702 1121 2765 rodioes
1143 2703 1264 2785 egerit,
1288 2717 1379 2764 eom-

176 2801 278 2862 munis
299 2800 360 2862 fiat.
405 2801 520 2864 Eodem
543 2804 665 2866 ratione
688 2801 841 2864 frumento
866 2819 1013 2883 quoque‚·
1046 2820 1116 2884 quoe
1137 2810 1231 2866 terroe
1251 2801 1379 2863 ooales-

179 2905 265 2976 oum,
290 2900 359 2964 solo
384 2901 499 2964 oedere
522 2902 747 2985 intelliguntur
760 2901 794 2984 7).

151 3001 153 3004 ’
219 3005 249 3081 ξ.
261 3000 332 3064 333.
378 3001 528 3064 Similiter
549 3003 591 3080 id,
617 3003 702 3083 quod
724 3004 938 3082 inaedificatur,
963 3005 1032 3068 solo
1056 3003 1158 3080 cedit,
1182 3003 1253 3089 sive
1276 3001 1380 3064 domi-

177 3118 237 3162 nus
260 3101 320 3163 soli
346 3105 485 3165 materiis
512 3103 625 3166 olienis
649 3103 813 3167 mditioium
839 3107 1049 3182 exstruxerit,
1081 3105 1151 3167 sive
1180 3103 1378 3166 materiarum

178 3200 321 3264 dominus
344 3205 375 3264 in
397 3203 501 3266 alieno
524 3205 642 3285 praedio
663 3205 914 3292 aediiiooveriti).

218 3302 284 3366 Neo
309 3309 411 3368 tomen
439 3305 511 3368 ideo
535 3307 578 3382 is,
610 3307 672 3386 qui
688 3309 826 3370 moteriae
849 3306 993 3370 domiuus
1015 3297 1137 3381 iuerat,
1171 3302 1288 3366 desinit
1311 3303 1380 3364 eius

180 3403 322 3467 dominus
346 3423 430 3468 esse.
473 3406 548 3469 Nom
571 3407 646 3470 iicet
667 3407 779 3469 aedium
794 3408 986 3470 universitas
1000 3406 1039 3468 od
1053 3405 1114 3468 soli
1131 3404 1288 3466 dominum
1303 3419 1380 3482 per-

179 3505 286 3582 tineat,
311 3506 436 3588 singula
463 3513 566 3570 temen
590 3526 733 3589 corporo,
758 3525 797 3570 ex
812 3508 927 3588 quibus
942 3511 1074 3583 constat,
1097 3523 1159 3568 norr
1180 3506 1290 3584 utique
1310 3503 1380 3564 eius

180 3623 251 3668 esse
272 3607 497 3688 intelliguntur
507 3607 543 3686 ⁹).

176 3711 374 3722 -—-—-........

213 3755 227 3806 1
260 3755 302 3808 Fr.
321 3753 364 3807 56.
382 3771 421 3820 pr.
441 3754 463 3814 ἓ.
482 3754 507 3806 1.
525 3756 559 3805 D.
578 3755 613 3806 ib.
714 3751 741 3820 2)
761 3756 804 3806 Fr.
824 3751 848 3806 7.
869 3754 892 3814 §-
910 3752 936 3806 4.
956 3757 989 3805 D.
1009 3755 1044 3806 ib.

214 3824 241 3890 3)
260 3825 283 3885 ἓ.
303 3825 383 3878 231.
403 3827 429 3876 h.
448 3831 466 3876 t.
482 3828 513 3876 fr.
533 3823 558 3876 7.
578 3825 600 3884 5.
621 3823 645 3876 5.
657 3826 695 3876 ir.
712 3825 755 3877 29.
774 3825 816 3879 30.
838 3825 860 3885 ἓ.
882 3825 906 3878 2.
925 3829 959 3876 D.
979 3826 1041 3878 eod}

212 3893 405 3964 4)1tetolimus
424 3898 508 3948 rerba
528 3897 589 3948 Gaii
609 3898 636 3948 ‘m
654 3897 684 3947 ir.
703 3893 727 3948 7.
749 3896 771 3955 ἓ.
792 3895 823 3960 53
843 3897 915 3964 quod
934 3897 1012 3948 addit
1029 3897 1072 3946 hie
1093 3894 1298 3946 iurisconsultus
1317 3901 1379 3954 ,μῦ

178 3976 226 4012 vrx
247 3978 301 4030 uer,
321 3977 354 4014 ur
372 3977 399 4012 ru
421 3967 566 4014 ourrrmurt
587 3969 690 4019 seriem
709 3970 801 4034 resipit
818 3970 1071 4034 interpretationem.
1093 3967 1234 4032 Pomponii
1248 3964 1381 4017 sententio

177 4039 205 4090 in
223 4041 254 4090 fr.
268 4037 318 4090 -30,
339 4039 361 4098 ἓ.
379 4038 404 4090 3.
424 4041 456 4090 D.
474 4041 500 4091 h.
521 4046 539 4091 t.
561 4054 622 4090 eom
639 4042 754 4092 fortusse
776 4041 904 4107 explieat.

214 4107 243 4176 5)
262 4111 304 4161 Fr.
324 4107 348 4162 7.
367 4109 389 4168 ἓ.
409 4109 434 4161 6.
455 4112 488 4162 D.
510 4115 536 4162 h.
555 4115 573 4160 t.

214 4177 242 4246 6)
260 4183 303 4232 Fr.
323 4180 365 4232 31.
387 4183 406 4232 I.
426 4183 452 4232 h.
471 4188 489 4234 t.
509 4186 541 4234 fr.
557 4179 582 4232 7.
601 4180 623 4240 ἓ.
646 4183 690 4232 ult.
709 4183 740 4232 fr.
761 4181 785 4234 8.
805 4200 843 4249 pr.
864 4181 949 4234 feto.
972 4180 1029 4241 §.2
1047 4181 1081 4232 D.
1100 4180 1161 4232 eod.
1183 4177 1242 4230 Gai.
1260 4175 1284 4228 2.
1304 4173 1328 4234 §-
1338 4171 1381 4231 74.

179 4252 248 4304 Vide
262 4258 359 4305 temen
377 4255 408 4304 ir.
427 4253 452 4304 6.
473 4254 496 4312 §-
514 4253 539 4305 2.
561 4255 593 4304 D.
611 4249 689 4325 47st
710 4251 810 4318 (orbor.
829 4257 890 4305 furt.
910 4249 989 4316 esee).

215 4319 243 4388 7)
265 4323 288 4384 5.
308 4322 350 4378 32.
369 4325 391 4374 Ι.
410 4325 471 4376 eod.
489 4328 520 4376 fr.
540 4323 565 4376 9.
583 4343 622 4392 pr.
642 4327 675 4376 D.
695 4325 755 4376 eod.
776 4326 836 4377 Gai.
856 4323 880 4376 2.
899 4324 922 4384 ξ.
941 4321 985 4376 75.

214 4393 243 4459 8)
263 4392 306 4446 Fr.
325 4393 350 4446 7.
370 4394 393 4454 ἓ.
413 4393 527 4448 10-12,
547 4398 579 4446 D.
599 4397 625 4446 h.
645 4401 664 4447 t.
681 4395 704 4454 ἓ.
725 4393 768 4448 29.
787 4395 830 4450 30.
850 4399 870 4447 1.
889 4397 926 4448 ib.
948 4395 1006 4447 (iai.
1026 4391 1051 4443 2.
1073 4392 1099 4452 ἓ.
1112 4388 1155 4442 73.

214 4463 242 4528 9)
262 4465 285 4525 ἓ.
304 4467 346 4520 29.
356 4467 386 4602 >L
405 4467 431 4518 h.
450 4472 469 4518 t.
487 4470 518 4519 fr.
538 4464 563 4519 7.
589 4466 612 4526 ἓ.
631 4467 673 4520 to.
696 4467 756 4518 eod.
780 4470 842 4534 Arg.
861 4465 955 4518 osteo.
975 4483 1013 4532 pr.
1032 4465 1065 4514 D.
1083 4461 1163 4526 41,2
1189 4456 1236 4528 (do
1255 4475 1315 4527 seq.
1338 4459 1383 4510 rel

181 4538 264 4589 omitt.
283 4553 375 4605 pose..
593 4553 596 4556 ·
