3064 4966
601 347 681 386 ιιιιι
697 349 739 386 ιιι.
763 347 821 386 ear.
836 349 865 388 ιι.
1151 378 1155 392 .
1271 291 1352 400 921

132 480 193 552 est,
215 473 494 553 frequentissimus
512 477 580 534 erat
598 473 680 553 epod
701 473 854 538 Romanos
876 474 1109 555 stipulationum
1131 495 1219 555 usos,
1240 480 1338 542 itaut

130 576 162 636 in
186 575 331 638 omnibus
354 573 422 636 lere
444 575 584 656 negotiis
602 557 749 636 ¹adbiberi
777 574 928 636 solerent.

173 673 325 746 Effectum
340 679 397 738 est
418 675 501 750 inde,
524 679 558 734 ut
580 673 670 736 locus
691 673 731 736 de
754 675 1008 754 stipulationibus
1029 675 1179 738 latissimo
1201 685 1334 760 pateret,

131 781 163 838 et
187 776 420 838 iurisconsultis
437 778 573 838 romanis
590 761 851 856 opportunitatem
873 768 1001 839 ollerret
1022 779 1053 839 in
1078 777 1176 840 titulis
1201 778 1240 841 de
1255 798 1333 842 vcr-

129 877 240 940 borum
262 875 508 959 obligationibus
532 875 692 959 generalia
718 876 757 938 de
777 878 809 938 vi
834 883 865 939 et
884 883 994 939 natura
1017 883 1232 940 contractuum
1249 898 1333 960 prae-

132 983 222 1058 cepta
246 965 443 1058 exponendi:
469 977 553 1058 quod
575 983 606 1040 et
628 995 686 1040 nos
703 976 866 1040 Iustiniani
881 977 1057 1058 exemplum
1070 987 1252 1060 sequentes,
1275 983 1333 1043 iarn

130 1079 234 1140 statim
257 1076 406 1140 laoiernus
420 1077 459 1162 ¹).

173 1177 288 1260 suso.
333 1176 403 1242 Non
434 1177 536 1240 solum
567 1193 620 1238 res
649 1178 680 1241 in
709 1178 943 1258 stipulationem
976 1178 1090 1241 deduci
1116 1185 1249 1260 possunt
1277 1180 1333 1242 sed

132 1280 225 1342 etiarn
249 1279 341 1357 lacta,
366 1285 401 1341 ut
420 1279 608 1361 stipulamur
629 1279 748 1358 aliquid
773 1279 841 1340 lieri
863 1279 915 1340 vel
939 1297 1001 1342 non
1024 1280 1109 1355 lreri3
1138 1281 1192 1343 sod
1216 1283 1247 1342 in
1271 1281 1335 1342 hu-

132 1380 270 1444 iusmodi
292 1380 539 1465 obligationibus
555 1381 701 1460 optimum
718 1386 776 1456 est,
797 1398 918 1460 poenam
932 1381 1101 1458 subiicere,
1124 1401 1166 1444 ne
1177 1383 1334 1462 quantitas

133 1483 349 1563 stipulationis
373 1482 404 1542 in
428 1481 550 1543 incerto
573 1481 614 1543 sit
637 1499 696 1543 neo
720 1499 853 1544 necesse
880 1484 920 1543 sit
948 1485 1045 1544 actori
1073 1483 1228 1564 probare,
1259 1483 1334 1563 quid

132 1585 202 1646 eius
229 1581 404 1668 intersitl).
449 1581 558 1661 ltaque
587 1583 615 1642 si
647 1583 735 1662 quie,
764 1588 798 1673 ut
827 1583 879 1644 ssat
907 1582 1044 1663 aliquid,
1077 1584 1260 1664 stipuletur,
1292 1586 1334 1646 ita

131 1683 226 1746 adiici
248 1701 339 1764 poena
358 1682 468 1746 debet:
494 1684 522 1744 si
542 1683 585 1746 ita
610 1681 723 1745 lactum
747 1701 810 1746 non
836 1685 907 1760 erit,
930 1691 1005 1746 tunc
1026 1685 1336 1765 poenaenominede-

132 1802 201 1846 cem
223 1801 338 1846 aureos
361 1783 437 1845 darc
458 1782 622 1863 spondes?
646 1784 705 1847 Sed
726 1787 753 1846 si
776 1785 915 1865 quadam
930 1785 1009 1862 fieri,
1033 1786 1174 1866 quadam
1189 1804 1250 1848 non
1266 1783 1347 1848 fieri‘

131 1901 194 1948 una
226 1885 399 1964 eademque
431 1885 637 1964 conceptione
667 1885 859 1966 stipuletur,
896 1886 1036 1950 clausula
1065 1887 1244 1951 huiusmodi
1274 1889 1335 1949 erit

132 1986 329 2049 adiicienda:
353 1984 565 2063 ,siadversus
589 2004 623 2046 eo
649 1985 761 2048 sectum
785 1989 855 2064 erit,
878 1989 948 2050 sive
973 1988 1047 2068 quid
1072 1989 1113 2050 ita
1136 1989 1249 2050 lactum
1273 2006 1334 2050 non

133 2089 207 2164 erit,
229 2093 303 2149 tuno
326 2103 427 2168 poene
447 2087 573 2148 nomine
595 2087 703 2150 decom
727 2105 841 2156 aureos
864 2089 939 2151 dare
962 2089 1129 2170 spondes«.

176 2188 290 2272 §.tet
335 2187 398 2250 llas
420 2193 523 2250 autem
546 2189 684 2269 promitti
706 2194 829 2269 potest,
862 2189 914 2251 vel
936 2196 971 2250 ut
993 2189 1102 2266 detur,
1135 2189 1188 2252 vel
1211 2196 1246 2252 ut
1267 2197 1335 2254 tra-

132 2291 236 2354 datur.
279 2289 354 2351 Nam
376 2290 538 2370 stipulatio
561 2310 593 2352 v.
615 2310 642 2353 o.
671 2291 799 2371 fandum
826 2290 897 2352 dori
924 2293 1081 2369 continet,
1109 2299 1143 2353 ut
1165 2293 1335 2356 dominium

133 2389 311 2454 omnimodo
336 2388 491 2452 efficiatur
511 2390 706 2471 stipulatoris
730 2409 920 2472 quocunque
941 2392 1081 2478 inodo³).
1117 2393 1148 2456 Si
1167 2411 1233 2454 rem
1256 2393 1336 2456 tradi

134 2491 332 2572 stipulamur,
356 2507 418 2552 non
441 2479 649 2574 intelligimus
671 2494 895 2574 proprietatem
918 2494 986 2554 eius
1004 2492 1071 2554 dari
1083 2492 1256 2572 stipulanti,
1279 2493 1336 2556 sed

135 2597 254 2656 tantum
278 2591 360 2655 tradi
372 2591 399 2678 4)
423 2592 443 2652 ι.
468 2610 496 2653 c.
520 2596 754 2673 possessionem
778 2595 809 2654 in
831 2611 900 2656 curn
923 2591 1100 2656 transferri.
1184 2571 1194 2602 ⁸

178 2691 295 2773 §.tes
339 2692 580 2773 stipulationum
610 2694 749 2774 quadam
782 2701 883 2757 certae-
904 2700 996 2770 sunt,
1027 2693 1165 2773 quaedam
1196 2695 1335 2756 incertae.

136 2792 266 2856 Certum
289 2798 354 2870 est,
387 2793 471 2873 quod
496 2813 536 2856 ex
558 2796 625 2876 ipse
650 2797 904 2876 pronuntiatione
927 2801 1072 2876 apparet:
1106 2795 1200 2874 quid,
1232 2795 1335 2874 quale,

94 2911 97 2921 ·
136 2900 286 2975 quantum
308 2897 367 2957 sit:
401 2901 436 2958 ut
465 2914 540 2958 eoce
569 2896 677 2961 decern
708 2899 816 2974 aurei,
852 2897 967 2959 laundus
998 2895 1211 2972 Tusculanus,
1245 2897 1336 2956 bomo

134 2996 281 3072 Stichus,
312 2997 407 3058 tritici
429 2995 529 3059 Africi
552 2999 658 3079 optimi
680 2999 775 3061 modii
797 3005 939 3076 centurn,
971 2999 1038 3074 vini
1061 2997 1207 3078 Campani
1229 2995 1336 3076 optimi

136 3097 294 3177 amphorae
313 3095 421 3160 decem
434 3097 474 3183 ⁵).
1137 3141 1150 3157 .

178 3196 237 3260 Ubi
261 3203 363 3262 autem
386 3215 449 3260 non
472 3205 613 3284 apparet,
639 3199 727 3279 quid,
752 3199 857 3279 quale,
882 3203 1094 3280 quantumque
1116 3200 1157 3260 sit
1179 3198 1210 3259 in
1234 3197 1338 3277 stipu-

81 3413 87 3425 '
173 3405 202 3474 1)
221 3409 334 3460 Mullum
360 3407 443 3460 hodie
469 3409 535 3460 iuris
557 3409 662 3461 romani
690 3409 845 3474 interpretes
867 3407 1001 3475 disputant
1021 3407 1116 3469 clee03
1135 3422 1192 3474 quae
1205 3407 1238 3457 sit
1256 3405 1335 3470 stipu-

137 3478 270 3532 lationum
290 3480 375 3545 origo,
396 3497 461 3532 rara
480 3480 587 3532 indoles
608 3486 633 3531 et
652 3495 736 3531 causa
755 3480 924 3546 obligationis
936 3480 1012 3532 exiis
1032 3478 1170 3530 oriundae?
1190 3477 1339 3528 Novissime

139 3549 175 3602 de
194 3551 246 3602 hoe
272 3556 427 3616 argumento
452 3551 556 3618 scripsit
581 3551 619 3602 W,
642 3549 839 3603 Girtonner'in
856 3552 939 3604 libro:
966 3553 1010 3603 da'e
1030 3550 1199 3617 stabulatione
1216 3550 1276 3601 aad
1293 3549 1339 3598 ibt·

142 3622 316 3675 Verbiittna'te
334 3638 395 3674 sam
416 3623 512 3674 Weaea
533 3625 581 3674 der
595 3622 883 3688 Vestrapaobla'gatioa,
901 3623 1092 3675 iaateaoaolere
1111 3635 1171 3672 sam
1182 3620 1335 3671 Creditum.

137 3693 206 3746 Ktet
225 3691 302 3746 1859.
339 3693 478 3760 Improbat
497 3700 591 3746 auetor
611 3699 666 3744 tam
684 3710 775 3744 eorum
799 3694 960 3760 opinionem,
981 3693 1025 3761 qui
1038 3691 1215 3756 stipulationis
1223 3692 1337 3740 formam

139 3780 176 3817 ex
193 3764 391 3830 nuncupatione
410 3765 686 3832 inmaneipationibue
702 3770 728 3816 et
741 3767 812 3817 nexo
827 3771 962 3817 contracto
972 3763 1134 3830 processisse
1143 3767 1244 3829 putent,
1256 3776 1336 3829 quam

139 3850 250 3906 eorum,
280 3835 324 3902 qui
343 3840 511 3902 sponsionem
535 3839 553 3888 ι.
573 3853 595 3887 ι.
616 3837 825 3904 antiquissimam
845 3837 992 3903 stipulandi
1009 3835 1151 3886 formulam
1169 3831 1338 3884 iurisiurandi

140 3907 256 3974 speeiem
273 3906 356 3957 luisse
372 3908 495 3957 credant:
517 3914 544 3969 et
563 3908 679 3973 probare
700 3907 805 3970 studet,
824 3909 980 3973 sponsiones
990 3911 1144 3972 ceteraeque
1156 3906 1339 3972 stipulationes

140 3978 376 4040 adhibitassuisse‚
395 3981 524 4030 utstriota
544 3980 688 4031 uerborum
707 3979 953 4046 conceptionalem
975 3979 1004 4028 in
1026 3979 1232 4042 interrogatione
1258 3989 1339 4042 quam

139 4050 168 4100 in
189 4049 363 4115 responsione
387 4049 464 4099 firma
489 4049 700 4102 contrahentium
722 4054 849 4102 voluntas
874 4051 949 4118 quasi
975 4051 1036 4115 lege
1059 4049 1164 4116 privata
1188 4049 1338 4107 manifesta,

141 4121 341 4186 exprimeretur,
365 4121 432 4172 siout
451 4123 545 4188 populi
563 4122 688 4173 voluntas
705 4126 766 4186 post
785 4123 952 4186 rogationem
972 4123 1007 4174 ab
1024 4137 1056 4173 eo
1080 4121 1143 4173 latis
1167 4121 1270 4187 legibue
1289 4132 1338 4183 pu-

141 4193 227 4244 blicis.
248 4219 282 4228 -
303 4191 357 4242 Ost.
378 4197 405 4244 et
427 4193 540 4260 Moyses,
569 4192 712 4245 Elementa
729 4194 762 4244 11.
780 4209 806 4258 p.
827 4190 887 4245 299.

178 4262 195 4316 2
225 4261 248 4321 §-
266 4260 292 4314 7.
313 4264 333 4313 l.
352 4263 418 4314 ιι.,ι.
439 4261 478 4329 (3,
497 4262 552 4330 15).
571 4267 602 4315 ιι.
620 4261 646 4315 4.
666 4262 691 4323 §-
712 4262 736 4314 1.
755 4265 788 4314 D.
809 4264 835 4314 h.
853 4270 872 4316 ι.
900 4307 909 4330 ,

176 4332 194 4386 3
223 4335 315 4386 Verba
332 4333 441 4400 Ulpiani
461 4337 489 4386 ιιι
507 4339 537 4386 ιι.
556 4332 600 4388 75.
618 4333 641 4393 ἓ.
662 4333 704 4386 10.
724 4337 758 4385 D.
775 4335 802 4384 h.
821 4340 841 4385 ι.·
876 4335 944 4387 Inde
967 4351 1022 4388 non
1039 4333 1163 4384 videntur
1181 4330 1262 4390 data,
1281 4341 1340 4394 qua

141 4409 313 4527 evodtempora
328 4406 518 4536 ἕιιξέἷιιιιιιιιιι
535 4421 590 4458 non
608 4406 687 4458 flunt:
701 4408 811 4458 ‚Paulus
831 4406 859 4458 in
877 4409 908 4458 fr.
921 4403 980 4459 167.
991 4425 1029 4474 pr.
1048 4407 1082 4458 D.
1093 4401 1136 4466 50,
1147 4399 1181 4454 17
1194 4398 1240 4466 (de
1253 4400 1284 4448 R.
1296 4394 1339 4462 1.).

167 4478 175 4527 ι
196 4493 211 4528 e
229 4494 261 4528 au
279 4493 310 4529 ra
346 4514 352 4527 .
426 4515 431 4528 .

155 4545 207 4613 ·4)
226 4495 410 4605 Veffha't’aati
426 4549 454 4600 ιιι
472 4550 503 4599 ιι.
524 4543 567 4600 28.
585 4548 619 4599 D.
637 4547 664 4600 h.
682 4553 701 4598 ι.
756 4589 759 4596 .
802 4543 830 4613 5)
851 4544 912 4609 ¹(lali
930 4545 1014 4600 rerba
1025 4546 1053 4598 in
1071 4538 1163 4596 cart.
1181 4542 1214 4592 D.
1233 4539 1296 4590 tat
