3062 4972
185 301 238 358 294
510 307 709 372 ΙΙΙῘΠΠΙΟΙΙ.
728 307 801 347 iulis
821 306 924 346 ΙῦΙΑΙΙ
944 305 1063 346 ruituri.
1138 335 1142 344 .

186 443 372 522 comparate
393 443 467 502 sunt
489 439 632 502 actiones
660 442 691 500 et
717 438 920 518 exceptiones
952 443 984 500 et
1013 438 1130 504 iudicia
1153 440 1314 518 instituta,
1349 439 1391 503 de

188 542 303 623 quibus
325 539 469 602 omnibus
490 539 523 600 in
545 537 606 602 boc
630 538 711 600 libro
735 537 966 618 dispiciendum
987 544 1045 601 est.
1203 546 1206 552 ·
1507 609 1508 628 ¹

230 645 261 726 ξ.
276 641 367 707 1035.
411 639 567 702 Praeterea
592 640 625 700 vi
647 639 768 720 privata
795 655 852 700 sun
881 640 949 702 iura
971 639 1144 704 defendere
1171 643 1241 721 quis
1273 647 1390 722 potest,
1507 633 1508 642 ’

189 745 216 808 si
241 744 321 807 alius
351 743 412 822 ipsi
438 739 607 802 insidietur
615 759 624 814 ;
658 757 728 820 quoe
751 739 894 823 legitima
916 741 967 802 sui
989 741 1132 804 defensio
1155 743 1225 804 iure
1240 743 1391 826 naturali

189 841 388 924 comprobata
413 844 478 914 est3
502 859 572 901 narn
593 840 661 920 ipsa
681 845 792 902 natura
819 841 882 900 vim
913 841 945 902 vi
968 841 1127 921 repellere
1143 842 1298 919 iubemur,
1320 845 1391 906 sive
1507 837 1508 840 ’

188 944 247 1006 illa·
274 947 390 1004 nostrae
421 957 566 1020 persone
597 941 667 1002 sive
698 941 794 1004 rebus
825 943 943 1002 nostris
974 940 1160 1028 intertur1).
1204 942 1392 1005 Huiusmodi

189 1049 293 1106 tamen
318 1041 456 1104 violenta
475 1041 525 1105 sui
548 1041 691 1112 defensio
711 1045 775 1104 tum
796 1041 920 1110 demum
942 1043 1012 1104 lure
1035 1041 1116 1109 facta
1137 1047 1299 1118 censetur,
1321 1059 1393 1104 cum
1507 1055 1508 1120 ἢ

191 1144 223 1205 in
246 1144 314 1222 ipso
337 1141 472 1222 periculi
494 1143 685 1204 necessitate
707 1148 739 1204 et
761 1159 830 1204 cum
853 1143 1068 1206 moderatione
1096 1143 1263 1225 inculpatae
1285 1143 1393 1204 tutelae

192 1243 232 1307 ad
254 1241 475 1324 repulsandam
497 1242 612 1308 illatam
636 1243 698 1306 vim
720 1241 857 1308 adbibita
880 1243 1028 1330 sumsit).
1073 1243 1107 1308 lu
1129 1245 1245 1308 ceteris
1264 1243 1393 1306 ossibus
1507 1279 1508 1340 3

192 1349 262 1410 iura
276 1345 408 1427 pervim
426 1345 576 1425 persequi
589 1343 793 1423 prohibemur
811 1350 871 1406 tam
886 1343 1015 1406 decreto
1038 1345 1103 1407 divi
1113 1344 1223 1432 'Marci
1238 1362 1301 1425 quo
1324 1349 1394 1404 sta-

192 1449 307 1508 tuitur:
329 1462 411 1522 eum,
437 1445 491 1524 qui
509 1444 658 1524 probatus
673 1444 779 1521 fuerit,
802 1463 869 1506 rem
883 1444 977 1507 ullam
996 1445 1148 1508 debitoris
1162 1445 1213 1508 vel
1228 1445 1393 1526 pecuniam

192 1547 327 1610 debitam
349 1563 413 1608 non
434 1545 471 1607 ab
495 1546 564 1624 ipso
588 1545 649 1606 sibi
671 1551 783 1626 sponte
806 1545 925 1623 datam,
959 1548 1029 1608 sinc
1053 1545 1118 1609 ullo
1142 1545 1247 1619 iudice
1272 1552 1394 1607 temere

191 1648 373 1731 possidere,
409 1665 545 1728 eumque
573 1647 634 1710 sibi
655 1648 705 1709 ius
728 1650 760 1709 in
784 1667 851 1710 eam
874 1667 941 1710 rem
964 1648 1095 1725 dixisse,
1117 1649 1167 1710 ius
1190 1646 1302 1708 crediti
1327 1663 1392 1708 non
1507 1639 1508 1648 ’

193 1751 372 1816 habiturum
385 1749 431 1836 8);
464 1766 555 1828 quom
583 1747 811 1824 Valentiniani,
842 1749 1010 1818 Theodosii
1033 1755 1065 1815 et
1083 1748 1212 1812 Arcadii
1235 1747 1394 1813 constitu-

193 1855 279 1914 tione
292 1851 334 1937 4),
356 1865 417 1929 que
441 1851 581 1911 sancitur
603 1855 647 1926 ut,
673 1851 700 1911 si
723 1849 867 1912 dominus
898 1868 1004 1912 rerum
1038 1866 1164 1912 suarum
1193 1847 1274 1930 apud
1303 1837 1396 1908 aliam

193 1953 392 2016 constitutam
432 1951 687 2035 possessionem,
724 1951 883 2017 violenter
920 1950 1067 2028 abstulit,
1106 1967 1160 2014 eas
1189 1951 1335 2014 restituat
1365 1953 1397 2010 et

193 2051 363 2115 dominium
385 2069 491 2114 earum
515 2053 634 2114 amittat
658 2057 689 2113 et
713 2053 741 2113 si
766 2053 937 2115 alienarum
959 2069 1065 2114 rerum
1089 2053 1309 2139 possessiones
1333 2051 1397 2113 ali-

193 2155 264 2235 quis
287 2154 413 2230 invasit,
437 2171 500 2215 non
521 2153 623 2216 solum
644 2170 698 2215 eas
718 2153 893 2234 possidenti
914 2153 1072 2228 restituat,
1094 2153 1315 2214 verumetiam
1333 2168 1398 2214 ωε-

195 2255 385 2318 timationem
405 2255 574 2317 earundem
597 2271 704 2317 rerum
725 2254 854 2318 solvere
881 2251 1097 2336 compellatur.

280 2441 348 2492 TIT.
367 2442 400 2492 ΙΙ.
436 2441 485 2492 DE
502 2441 720 2494 ADTlONIBUS
732 2441 755 2508 ⁵)
773 2443 820 2493 ΕΤ
838 2443 888 2494 DE
905 2443 951 2496 115
971 2443 1042 2494 PER
1062 2439 1158 2505 Quos
1179 2440 1300 2493 sonuit

694 2529 895 2585 Possumus,

240 2664 271 2742 g.
286 2661 378 2726 1036.
423 2661 579 2724 Summum
611 2664 690 2725 iuris
713 2667 813 2727 nostri
841 2664 1020 2746 praesidium
1050 2665 1082 2727 in
1112 2663 1287 2732 actionibus
1317 2679 1397 2724 con-

198 2765 292 2840 sistit,
317 2763 431 2842 quibus
454 2765 580 2843 utimur,
603 2767 722 2845 siquis
746 2766 785 2828 de
808 2769 877 2830 iure
899 2771 1007 2829 nostro
1027 2764 1397 2838 movitoontroversiam,

199 2865 253 2924 aut
276 2862 359 2941 quod
373 2863 515 2926 damnum
537 2865 627 2926 nobis
647 2866 763 2943 intulit,
786 2871 840 2928 aut
863 2866 947 2947 quod
968 2867 1152 2949 obligationi
1167 2869 1322 2944 susceptae
1335 2879 1396 2924 non

197 2961 361 3025 satisfecit.
406 2964 499 3026 Actio
522 2970 625 3026 autem
647 2966 726 3028 nibil
749 2966 834 3028 aliud
858 2973 916 3043 est,
941 2985 1031 3047 quam
1049 2968 1098 3028 ius
1116 2966 1331 3048 persequendi
1345 2968 1398 3028 iu-

198 3061 292 3137 dicio,
316 3063 398 3141 quod
424 3064 485 3126 sibi
504 3065 638 3128 debetur
650 3067 687 3154 ⁶).
714 3065 863 3150 cogimus
876 3067 1000 3150 agendo
1013 3067 1229 3136 adversarium
1243 3073 1396 3142 nostrum,

198 3161 346 3224 iudicium
370 3165 544 3246 suscipere,
569 3171 604 3227 ut
625 3169 652 3228 si
674 3184 767 3230 causa
791 3169 918 3250 cognita
941 3168 980 3230 de
996 3169 1068 3230 iure
1084 3173 1193 3230 nostro
1208 3167 1397 3242 constiterit,

201 3262 426 3327 condemnetur
447 3266 485 3328 ad
508 3267 717 3348 praestandum
740 3268 783 3346 id,
809 3269 893 3349 quod
915 3269 1058 3349 praestari
1081 3268 1173 3330 nobis
1197 3272 1332 3349 oportet.

239 3365 373 3444 §.102⁵st
419 3365 460 3444 Is,
484 3368 535 3430 oui
557 3369 637 3430 actio
657 3371 804 3449 competit
827 3375 925 3446 actor,
948 3367 1116 3448 aliquando
1140 3370 1268 3450 potitor,
1294 3369 1394 3431 voca-

159 3549 166 3558 ν
200 3469 269 3540 tur3
293 3467 346 3544 qui
371 3469 535 3534 conveniri
559 3471 682 3548 potest,
706 3468 805 3552 vulgo
827 3485 919 3546 reus,
943 3467 1112 3552 aliquando
1135 3485 1314 3550 possessor.
1359 3467 1398 3531 Et

199 3621 397 3636 m

234 3711 263 3780 1)
282 3715 326 3768 Fr.
344 3713 370 3768 3.
389 3717 422 3766 D.
442 3715 467 3780 1,
487 3713 501 3768 1
522 3711 569 3782 (ds
587 3717 649 3768 iusi.
668 3712 789 3782 aliuco).
807 3717 839 3770 fr.
861 3712 887 3767 4.
907 3711 931 3768 5.
949 3731 989 3782 pr.
1008 3715 1041 3768 D.
1062 3714 1088 3778 9,
1106 3710 1123 3764 2
1144 3708 1263 3779 (adlcg.
1285 3708 1397 3781 Aquill.

200 3786 254 3840 Dio.
274 3803 323 3854 pro
342 3787 442 3842 Milone
456 3803 515 3854 cap.
533 3785 560 3840 4.
579 3787 623 3840 11.
1507 3807 1508 3814 ¹

234 3855 263 3923 2)
283 3859 312 3909 G.
333 3857 356 3912 1.
377 3859 405 3911 D.
425 3858 451 3922 8,
470 3856 489 3910 4
507 3857 593 3924 (unde
612 3855 659 3924 ri).

217 3926 262 4016 ·3)
276 3930 326 4014 .F¹'
347 3927 388 3981 13.
409 3932 442 4009 D.
460 3927 488 3996 4,
511 3931 527 3985 2
546 3928 631 4000 (quod
649 3935 735 3984 metus
754 3927 859 3994 neusa).
885 3931 917 3984 fr.
936 3925 974 3990 7.,
989 3929 1022 3979 Ι).
1041 3924 1085 3991 48,
1105 3923 1122 3978 7
1151 3922 1200 3992 (sd
1224 3926 1276 3995 lep·
1294 3924 1345 3982 Iul.
1365 3923 1399 3978 de

198 3997 350 4136 ruffi&
373 4073 394 4123 1.
411 4069 438 4134 4,
450 4066 493 4122 218
518 4069 566 4137 (de
584 4069 750 4138 interdictis).
776 4089 798 4123 o.
817 4069 843 4124 7.
872 4071 901 4124 (l.
921 4069 947 4136 8,
964 4069 982 4124 4
1002 4067 1085 4136 (unde
1103 4065 1150 4135 ri).
1176 4070 1207 4122 fr.
1227 4062 1286 4118 176.
1305 4083 1345 4134 pr.
1364 4067 1398 4118 D.

179 4138 412 4280 1504444440Ιᾷ
430 4140 510 4278 {pm
530 4209 697 4280 actionibus).
715 4213 776 4280 Dig.
794 4211 839 4278 44,
857 4211 874 4266 ⁷
895 4212 941 4280 (do
959 4213 1038 4278 oblip.
1056 4217 1083 4266 el
1101 4206 1220 4276 action).

235 4282 264 4350 6)
282 4287 325 4340 Pr.
343 4285 365 4335 I.
384 4285 411 4336 h.
430 4289 448 4334 t.
467 4286 499 4336 fr.
517 4281 559 4336 51.
578 4287 612 4336 D.
634 4286 693 4339 sod.
719 4287 861 4353 Multiplox
875 4291 916 4337 est
934 4285 1047 4336 solionis
1066 4283 1234 4350 significatio.
1252 4279 1398 4336 Laucsina

199 4371 281 4410 sensu
308 4357 390 4410 otiam
414 4355 588 4422 exceptiones
607 4361 634 4410 et
652 4357 837 4424 stipulationes
856 4357 996 4410 Praetorius
1023 4355 1242 4422 comprehendit,
1267 4350 1397 4418 angustie·

181 4459 183 4464 ,
201 4429 267 4484 simo
286 4443 350 4482 roro
370 4427 475 4481 nonnisi
493 4427 521 4478 in
538 4443 679 4492 personum
696 4429 823 4482 notiones.
844 4424 988 4482 cirrati.
1005 4445 1045 4495 pr.
1064 4427 1162 4486 Diui.
1177 4428 1211 4480 fr.
1226 4419 1285 4478 178.
1305 4422 1361 4487 §.2
1373 4423 1399 4476 3.

197 4501 231 4556 Ι).
251 4495 348 4564 50,1o
369 4496 416 4566 (de
432 4499 506 4552 verb.
526 4496 635 4566 signif).
654 4502 686 4560 ir.
704 4500 730 4552 1.
749 4503 783 4554 D.
801 4498 847 4566 44,
865 4499 884 4553 4
902 4497 951 4566 (de
970 4495 1091 4566 except.)
