3082 4976
418 1195 675 1276 conscionis
703 1197 852 1276 TM'IUS
879 1195 1044 1274 cinon.

657 1403 804 1412 *ιιι-...-

537 1565 917 1638 ΙΝΤΒΟΒΠΟΤΙΟ.

640 1754 768 1816 CAPUT
792 1753 815 1814 l.

394 1913 587 1978 Gesseroiiter
608 1913 644 1974 do
665 1911 743 1973 ioris
762 1917 885 1980 notura*
899 1911 1064 1992 principio.

378 2087 425 2150 De
448 2089 518 2150 iure
540 2092 572 2148 et
592 2087 710 2148 iustitio
738 2129 1222 2144 ..........

376 2188 422 2250 De
444 2189 522 2250 iuris
546 2188 671 2269 origine
695 2193 788 2266 atque
811 2201 986 2268 progressu
1057 2231 1063 2244 .
1109 2230 1116 2244 .
1163 2229 1168 2242 .
1217 2229 1223 2243 .

375 2287 421 2348 De
443 2289 513 2348 iure
537 2287 683 2363 naturali,
707 2279 847 2369 gentium
871 2291 902 2348 ei
924 2287 1011 2348 civili
1057 2333 1062 2345 .
1110 2332 1115 2344 .
1163 2333 1168 2345 .
1215 2331 1221 2344 .

169 2435 184 2468 „
293 2435 300 2449 .
373 2388 420 2450 De
443 2391 692 2472 iurisprudentia
737 2432 1222 2449 ..........
1282 2421 1285 2430 =

168 2533 184 2567 „
279 2535 285 2549 .
373 2489 420 2552 De
441 2489 570 2570 publico
595 2497 627 2552 et
648 2491 772 2571 privat-o
795 2493 884 2566 iure,
915 2491 985 2552 sive
1008 2491 1104 2552 totius
1129 2489 1227 2550 iuris-

391 2591 594 2672 .prudcntiae
618 2593 650 2653 in
671 2597 775 2672 partes
797 2608 870 2653 suos
895 2591 1074 2652 distribut-io
1107 2635 1114 2650 .
1161 2634 1167 2649 .
1213 2633 1220 2647 .
1251 2642 1254 2647 .

628 2771 755 2834 CAPUT
775 2772 815 2834 ΙΙ.
937 2769 939 2774 ’

380 2927 527 2990 Historiae
546 2926 624 2989 imis
648 2927 855 2990 Romanorum
874 2926 1076 2991 adumbratio.

122 3111 219 3174 Titui.
249 3111 273 3174 Ι.
374 3110 421 3172 De
453 3111 523 3172 iure
553 3108 760 3171 Romanorum
791 3109 828 3170 ab
858 3085 937 3170 urb'e
969 3107 1092 3170 condita
1124 3126 1225 3188 usque

225 3201 226 3204 ’
415 3209 595 3290 adtempus
619 3207 689 3270 lntae
711 3207 870 3292 legiinl
893 3208 1110 3271 Tabularum.
1158 3257 1165 3270 .
1211 3257 1218 3272 .
1285 3214 1325 3279 10

167 3358 182 3391 ,,
248 3311 286 3372 11.
372 3311 419 3374 De
441 3327 617 3394 progressu
641 3303 720 3372 iuris
742 3311 863 3373 romani
886 3329 985 3373 exeo
1009 3316 1149 3394 tempore
1165 3329 1222 3375 us-

418 3429 481 3491 que
504 3411 543 3474 ad
565 3410 727 3474 Ciceronis
753 3417 873 3472 aetotern
944 3457 1216 3472 ......
1283 3415 1323 3478 13

165 3558 180 3590 ,,
247 3499 301 3574 111.
372 3513 419 3576 De
442 3529 619 3596 progressu
643 3515 722 3575 iuris
744 3517 864 3577 romani
887 3531 989 3594 usque
1015 3516 1053 3578 ad
1079 3516 1222 3578 Alexan·
1271 3502 1306 3546 Ψ

417 3617 506 3679 dnum
532 3617 684 3679 Severum
729 3661 1215 3677 ..........
1283 3616 1321 3680 16
1354 3653 1356 3658 ,
1392 3654 1394 3658 .

163 3760 179 3792 „
244 3715 295 3777 lv.
367 3718 414 3782 De
445 3720 515 3782 ictis
544 3721 622 3782 iuris
654 3719 863 3782 Romanorum
894 3719 932 3781 ab
955 3719 1223 3805 AlexandroUSe-
1385 3705 1386 3708 ¹

412 3839 489 3883 vero
512 3839 614 3902 usque
637 3821 675 3884 ad
697 3819 936 3882 Iustiniannml
941 3865 1215 3884 ......
1281 3821 1322 3886 20

618 4001 744 4066 CAPUT
769 4001 823 4064 111.

398 4158 547 4238 Corporis
568 4158 647 4220 ioris
669 4159 854 4222 Iustinionei
871 4159 1046 4242 descriptio.

120 4339 213 4404 Titui.
245 4340 269 4402 1.
369 4338 417 4402 De
442 4340 695 4403 institutionibus
728 4387 1215 4408 ..........
1279 4348 1321 4413 24

160 4487 176 4520 „
243 4439 282 4503 11.
367 4439 415 4504 De
439 4439 602 4504 Pandectis
623 4459 681 4505 seu
705 4443 848 4527 Digestis
882 4490 1157 4508 ......
1195 4445 1212 4508 ’.
1277 4445 1318 4514 25

160 4586 176 4618 ,,
244 4539 297 4603 lil.
368 4538 415 4630 De
440 4540 556 4605 Codice
616 4587 891 4604 ......
898 4537 904 4548 ’
937 4589 1213 4606 ......
1277 4543 1319 4608 26
