3064 4966
220 315 273 370 256
548 322 750 364 rssrrrurrorrs
769 324 843 363 roura
863 323 965 362 rosam
985 324 1105 364 rsuram.

178 523 181 527 ,
222 455 391 536 impeditus
423 473 535 537 operas
568 473 629 518 non
662 459 807 537 praestitit
837 459 888 521 vel
920 476 999 540 opus
1032 457 1185 539 perficere
1217 476 1280 520 non
1311 460 1423 538 potuit,

219 561 376 639 utrimque
402 565 582 622 contractus
606 563 770 624 evanescit
782 565 822 648 1).

262 665 293 743 §-
307 661 379 728 895.
423 659 605 724 Conductor
628 663 729 725 omnia
753 664 926 725 secundum
949 661 1052 745 legem
1079 661 1298 725 conductionis
1321 661 1423 721 lacere

221 758 327 834 debet,
352 763 385 820 et
405 760 432 820 si
455 760 529 839 quid
552 761 584 822 in
605 761 678 843 lege
700 764 944 842 pretermissum
959 763 1064 838 luerit,
1089 761 1120 824 id
1136 779 1175 823 ex
1191 779 1283 841 aequo
1297 767 1330 822 et
1342 762 1422 822 bono

221 859 317 922 debet
337 859 543 943 praestare’).
589 861 699 942 ltaque
721 863 897 925 mercedem
918 869 1035 926 statuto
1056 869 1196 943 tempore
1217 862 1348 924 solvere
1367 863 1422 924 de-

220 962 292 1038 bet,
322 962 350 1023 si
372 979 430 1042 per
452 961 585 1024 alterum
608 981 670 1025 uon
693 966 800 1040 stetit,
831 965 998 1045 quominus
1021 983 1057 1026 re
1085 963 1238 1026 conducta
1264 963 1424 1024 frueretur

220 1063 272 1126 vel
298 1081 413 1144 operas
438 1065 609 1144 promissas
632 1065 791 1145 reciperet
803 1066 842 1150 8).
866 1065 950 1127 Idem
975 1065 1152 1140 dicendum,
1176 1065 1201 1124 si
1226 1079 1306 1144 opus
1328 1063 1424 1124 abso-

224 1167 321 1228 lutum
344 1181 419 1227 casu
442 1164 548 1243 periit,
571 1163 670 1226 veluti
694 1166 721 1225 si
743 1171 934 1228 terremotu
949 1164 1113 1228 edificium
1126 1181 1315 1226 concussum
1331 1163 1422 1249 sit4).

263 1271 293 1348 ξ.
307 1265 378 1330 896.
423 1265 482 1340 Qui
507 1267 555 1328 rei
578 1282 668 1328 usum
692 1265 858 1342 conduxit,
888 1267 926 1328 ab
949 1285 987 1328 eo
1009 1271 1162 1345 praeterea
1185 1264 1329 1327 custodia
1354 1263 1424 1324 talis

222 1368 433 1443 desideratur,
460 1366 584 1448 qualem
607 1367 870 1449 diligentissimus
894 1366 1115 1448 paterfamilias
1147 1367 1213 1426 suis
1244 1365 1343 1426 rebus
1367 1363 1425 1425 ad-

221 1467 329 1542 bibet3
361 1484 453 1550 quam
478 1470 504 1530 si
528 1469 710 1549 praestiterit
740 1473 772 1528 et
799 1466 905 1547 aliquo
936 1484 1010 1528 casu
1042 1485 1107 1528 rem
1131 1459 1293 1540 amiserit,
1325 1464 1367 1526 de
1390 1483 1424 1525 ea

219 1569 416 1632 restituenda
438 1587 501 1631 non
523 1569 683 1630 tenebitur
694 1569 735 1653 5).
780 1567 827 1630 lle
849 1567 960 1630 damno
976 1569 1021 1634 ¹ab
1045 1567 1107 1630 alio
1136 1569 1167 1628 in
1189 1586 1225 1630 re
1247 1566 1321 1628 dato
1346 1583 1425 1628 eon-

221 1669 334 1731 ductor
356 1688 418 1733 non
439 1676 576 1747 tenetur,
601 1687 670 1732 oum
685 1671 771 1732 nulla
789 1670 931 1733 custodia
948 1671 1076 1733 allicere
1092 1672 1202 1752 possit,
1224 1689 1265 1732 ne
1278 1669 1424 1731 damnum

223 1772 336 1833 iniuria
360 1772 398 1833 ab
423 1771 485 1834 alio
509 1771 652 1857 deterri).

262 1873 346 1933 Ante
370 1878 493 1953 tempus
517 1873 735 1935 conductionis
758 1879 867 1934 contra
891 1873 995 1954 legem
1016 1875 1194 1934 contractus
1220 1869 1351 1930 landum
1376 1868 1426 1930 lo-

223 1977 324 2033 catum
347 1973 416 2046 sine
439 1975 520 2034 iusta
544 1992 580 2035 ac
601 1973 757 2054 probabili
778 1991 871 2035 causa
887 1972 1037 2034 deserere
1053 1990 1114 2033 non
1131 1977 1235 2052 potest
1248 1969 1285 2056 ²).
1320 1968 1425 2030 Finito

228 2077 391 2134 contractu
415 2075 585 2136 restituere
608 2074 702 2136 debet
716 2075 762 2155 ⁸),
795 2075 874 2136 etsi
899 2074 978 2136 lorte
1004 2075 1103 2135 invito
1126 2072 1251 2135 domino
1272 2073 1305 2133 in
1328 2071 1426 2132 lirndo

222 2179 373 2250 remanet,
397 2174 515 2255 expelli
535 2181 650 2256 potest,
673 2177 817 2255 quesivi
841 2192 910 2236 eum
933 2175 1105 2236 invasisset
1118 2172 1157 2261 ⁹).

264 2277 294 2357 ἓ.
309 2275 380 2340 897.
425 2275 547 2338 Finitur
572 2277 686 2339 locatio
711 2275 933 2338 et'conductio
957 2275 1105 2356 temporis
1133 2272 1250 2334 deliniti
1274 2271 1427 2343 decursu,

224 2395 322 2459 opere
344 2378 487 2458 perlecto
514 2384 546 2440 ct
570 2379 757 2459 approbato,
780 2379 827 2439 rei
851 2377 998 2451 interitu,
1022 2375 1074 2436 vel
1098 2372 1347 2435 contrahentium
1370 2389 1428 2432 re-

144 2477 146 2486 ’
225 2481 431 2542 nuntiatione.
476 2479 611 2543 Locator
632 2481 743 2543 domus
767 2479 927 2560 expellere
950 2477 1135 2558 inquilinum
1158 2480 1270 2555 potest,
1292 2477 1321 2534 si
1342 2475 1428 2535 inea

41 2559 50 2574 ’
196 2591 197 2602 ’
226 2579 307 2641 male
332 2587 478 2643 versatus
498 2582 550 2657 sit,
572 2583 599 2642 si
622 2599 679 2661 per
701 2581 860 2642 biennium
881 2581 1064 2661 pensionem
1087 2577 1214 2640 solvere
1232 2568 1429 2658 negleuerit

224 2681 251 2742 si
275 2682 464 2743 necessarie
489 2680 681 2745 relectiones
703 2684 735 2744 in
757 2681 849 2744 domo
873 2679 1022 2742 faciendae
1053 2681 1134 2755 sint,
1168 2677 1221 2739 vel
1249 2678 1276 2738 si
1304 2677 1430 2740 locator

224 2781 308 2843 aedes
330 2783 467 2862 propriis
491 2783 602 2844 usibus
615 2785 741 2846 omnino
764 2783 961 2844 necessarias
983 2799 1054 2843 esse
1065 2780 1248 2860 probaverit
1260 2778 1313 2863 10).
1339 2777 1429 2840 Con-

226 2881 339 2942 ductor
361 2897 439 2942 vero
461 2881 685 2962 derelinquere
711 2887 815 2963 potest
840 2882 980 2957 domum,
1013 2881 1040 2942 si
1070 2880 1109 2942 ob
1138 2881 1252 2941 iustum
1282 2881 1430 2942 timorem

220 2983 255 3042 in
284 2999 320 3042 ea
350 2981 419 3041 sine
449 2981 592 3060 periculo
622 2982 740 3044 diutius
763 2984 878 3045 morari
900 2984 1009 3062 nequit
1030 2987 1084 3044 aut
1107 2983 1208 3043 sires
1231 2979 1327 3040 babet
1351 2981 1430 3040 talia

223 3082 310 3156 vitia,
333 3085 368 3140 ut
388 3081 562 3160 promissus
585 3099 661 3144 usus
683 3086 752 3145 eius
775 3083 841 3145 lieri
865 3102 926 3145 non
946 3084 1109 3168 possitss).
1131 3079 1276 3158 Denique
1288 3079 1431 3140 solvitur

224 3182 338 3244 locatio
362 3187 393 3244 et
416 3181 595 3259 conductio,
621 3184 647 3244 si
673 3184 846 3246 conductor
869 3183 1023 3246 solvendo
1047 3201 1118 3245 esse
1140 3181 1234 3243 desiit
1244 3179 1292 3262 12).
1324 3179 1431 3242 Morte

124 3321 130 3339 .
223 3301 301 3346 vcro
325 3283 574 3346 contrabentium
596 3303 658 3347 non
682 3285 787 3346 linitur
799 3286 849 3371 13).

264 3387 294 3467 ξ.
310 3384 381 3448 898.
427 3383 561 3447 Locator
587 3404 652 3446 rem
673 3386 804 3447 locatam
828 3386 967 3447 alienare
993 3391 1053 3446 tem
1080 3387 1161 3446 inter
1188 3385 1299 3458 vivom
1335 3400 1429 3464 quarn

223 3486 332 3547 mortis
354 3501 447 3547 causa
469 3466 584 3566 potest,
609 3487 750 3564 quamvis
776 3487 961 3548 conductori
985 3503 1024 3547 ex
1045 3490 1207 3547 contractu
1229 3484 1430 3558 maneatob-

224 3584 354 3667 ligatus.
372 3630 376 3637 -
397 3585 527 3665 Emptor
550 3601 628 3647 vero
654 3585 704 3647 vel
726 3586 899 3668 legatarius
924 3605 987 3648 non
1010 3585 1232 3665 impediuntur,
1256 3586 1430 3664 quominus

224 3684 447 3748 conductorem
470 3686 642 3767 expellant,
666 3693 697 3750 ct
721 3687 905 3763 conductor,
930 3688 1076 3768 quoniam
1100 3685 1251 3748 locatoris
1279 3684 1334 3748 vel
1359 3688 1429 3748 eius

259 3926 286 3992 1)
307 3929 349 3979 Fr.
369 3927 411 3980 61.
431 3928 455 3989 ἓ.
475 3929 499 3980 1.
520 3933 554 3981 D.
574 3933 600 3982 h.
619 3935 637 3982 t.
738 3929 766 3994 2)
786 3929 808 3990 ἐ.
827 3930 853 3984 5.
876 3931 896 3980 Ι.
918 3932 944 3980 h.
964 3935 982 3981 t.

259 3995 287 4064 3)
307 4000 349 4051 Fr.
367 3999 411 4052 38.
430 4018 469 4066 pr.
488 4004 521 4053 D.
541 4003 568 4052 h.
587 4008 606 4052 t.
625 4005 656 4054 lr.
676 3999 717 4054 19.
739 4000 761 4060 ἓ.
780 4001 805 4054 9.
824 4006 856 4054 fr.
876 3997 919 4054 15.
940 3997 1113 4066 §.Maedi

259 4065 288 4133 4)
307 4071 350 4122 ur.
369 4069 412 4122 36.
431 4067 474 4122 37.
495 4070 538 4124 59.
558 4071 602 4124 62.
620 4075 660 4129 D„
675 4072 703 4123 b.
722 4077 741 4122 t.
1107 4099 1111 4105 ·

260 4137 289 4206 5)
309 4142 400 4192 Verba
417 4141 439 4200 ἓ.
459 4140 483 4194 5.
502 4145 564 4194 inf.
582 4145 602 4195 I.
623 4146 648 4196 h.
669 4149 687 4194 t.
706 4145 736 4194 fr.
755 4141 799 4194 25.
820 4142 842 4202 ἓ,
862 4141 887 4194 3.
906 4145 937 4194 fr.
953 4140 996 4194 29.
1015 4137 1057 4192 30.
1076 4139 1100 4199 ἓ.
1118 4138 1144 4192 4.
1163 4142 1196 4191 Ι).
1216 4139 1278 4192 eod.

259 4209 351 4263 dm.
370 4209 413 4263 41.
432 4215 466 4264 D.
484 4215 512 4265 b.
532 4219 550 4264 t.
623 4212 650 4279 7)
670 4215 713 4266 Fr.
733 4212 775 4266 55.
795 4213 817 4273 ἓ.
837 4213 861 4265 2.
881 4217 914 4266 Ι).
933 4215 960 4264 b.
978 4219 997 4264 t.
1069 4209 1432 4278 8)F1.48.§.1.D.00u.

260 4281 276 4335 9
312 4286 341 4336 C.
364 4282 405 4335 10.
428 4284 457 4334 0.
477 4283 603 4352 &tlte
621 4283 667 4346 vi).
686 4303 709 4337 c.
728 4283 771 4336 34.
792 4288 821 4336 C.
840 4287 866 4336 h.
886 4293 904 4338 t.
1403 4295 1411 4314 ⁸

246 4351 291 4419 10)
311 4357 340 4407 C.
359 4353 384 4406 3.
406 4355 434 4406 G.
453 4357 479 4406 h.
497 4361 515 4406 t.
535 4359 565 4407 fr.
585 4354 627 4407 56.
647 4359 680 4408 D.
698 4357 761 4410 eod.
782 4357 848 4408 Nor.
868 4355 929 4410 120.
948 4373 970 4408 o·
994 4353 1019 4407 8.

243 4423 288 4490 11)
309 4428 352 4478 Fr.
370 4424 412 4478 25.
432 4425 455 4485 ἓ.
473 4427 498 4478 2.
516 4431 547 4478 fr.
567 4425 609 4478 27.
629 4426 652 4478 1.
671 4430 702 4480 fr.
722 4426 766 4480 33.
785 4431 816 4479 fr.
839 4426 881 4478 60.
903 4445 941 4494 pr.
960 4429 993 4478 D.
1013 4429 1040 4477 h.
1061 4431 1081 4478 t.

242 4493 288 4560 12)
307 4499 351 4548 Fr.
370 4497 395 4550 8.
414 4497 437 4556 ἓ.
458 4497 482 4550 1.
500 4499 534 4550 Ι).
553 4496 598 4560 42,
617 4497 633 4549 6
654 4496 701 4564 (de
719 4500 799 4552 robus
818 4505 888 4549 auct·
909 4498 967 4550 iud.
985 4495 1108 4564 possid).
1164 4492 1210 4561 13)
1229 4494 1252 4554 ἓ.
1270 4493 1296 4546 6.
1316 4495 1336 4544 1.
1363 4497 1395 4548 h.
1415 4504 1434 4548 t.
