3082 4976
608 375 686 414 nrssn
702 377 719 416 r,
742 375 800 414 oar.
820 375 850 418 n,
1301 367 1338 422 43

135 509 279 591 legitime
291 509 563 570 manumittebatur
575 509 675 570 tribus
686 507 797 583 modis,
815 507 963 583 vindicta,
978 513 1163 570 testamento
1174 515 1206 571 ct
1222 527 1339 586 oensu3

136 607 321 671 manumissi
344 625 413 669 curn
441 608 587 671 libertate
610 609 701 671 simul
724 610 883 671 civitatem
907 627 1064 670 romanam
1084 608 1341 690 adipiscebantur

136 717 168 773 et
190 709 330 772 libertini
352 709 592 792 vocabantnr1).
645 707 752 772 Veteri
775 710 902 772 domino
930 716 1033 773 tamen
1055 715 1238 790 patronatus
1265 714 1340 773 vin-

135 810 221 887 culo,
246 817 391 890 tanquam
413 813 482 872 eius
505 809 623 884 liberti,
649 810 790 872 adstricti
817 811 994 872 manebunt.
1044 811 1243 874 Testamenta
1266 831 1335 874 ma-

135 911 268 974 numissi
291 911 350 973 hoc
372 925 455 974 nexu
477 900 663 992 plerumque
684 917 773 973 orant
795 911 929 974 liberati.
974 911 1040 974 lloo
1053 911 1144 974 modo
1162 914 1254 975 etiarn
1277 915 1336 977 sub
1399 899 1401 906 ’

135 1012 319 1076 conditione
342 1011 472 1074 libertus
497 1011 565 1074 dari
588 1013 706 1092 potuit,
738 1026 800 1091 quo
832 1011 934 1090 lacto,
968 1011 1022 1074 illa
1047 1011 1225 1092 pendente,
1249 1017 1336 1078 servi

133 1113 313 1176 statuliberi
339 1112 536 1189 dicebantur,
551 1119 582 1174 et
596 1111 851 1199 melioris,quanr
864 1113 973 1189 ceteri,
998 1117 1087 1175 erant
1100 1113 1288 1177 conditionis
1298 1116 1338 1202 ²).

177 1218 209 1296 ξ.
224 1214 297 1278 149.
340 1213 501 1276 Posterius
522 1214 685 1294 receptum
709 1219 776 1289 est,
812 1231 899 1276 more
922 1214 1056 1287 aliorum
1079 1212 1281 1294 populorum,
1302 1222 1339 1278 ut

133 1315 205 1376 sine
227 1314 418 1376 solennitate
440 1313 557 1376 domini
576 1331 688 1376 servos
711 1329 787 1376 suos
812 1313 929 1378 liberos
953 1314 1114 1390 dicerent,
1143 1314 1243 1378 veluti
1276 1333 1334 1396 per

135 1415 316 1497 epistolam,
339 1417 422 1478 inter
448 1417 565 1478 amicos
593 1417 853 1491 manumissione,
884 1434 941 1496 per
968 1416 1207 1478 lectisternium.
1260 1415 1340 1488 Qua

137 1533 209 1582 cum
233 1516 328 1580 valde
348 1516 379 1576 in
404 1533 462 1576 usu
486 1515 797 1592 essentfrraenrcs
821 1516 1009 1591 edixerunt,
1039 1532 1112 1578 sese
1141 1521 1248 1578 contra
1279 1515 1340 1578 do-

135 1619 291 1681 minorum
314 1617 539 1696 paonitentiam,
563 1616 740 1680 libertatem
762 1617 817 1680 tali
840 1617 932 1680 modo
956 1619 1216 1680 manumissorum
1238 1619 1339 1680 tuitu-

135 1736 210 1792 ros;
231 1717 303 1778 inde
327 1718 359 1777 in
383 1716 530 1778 libertate
553 1717 601 1778 illi
623 1720 739 1780 morari
762 1718 957 1793 dicebantur,
981 1719 1002 1778 i.
1026 1737 1054 1780 e.
1079 1719 1166 1780 servi
1182 1716 1263 1779 lieet
1278 1718 1338 1780 ba-

132 1820 341 1894 berentur,a
371 1817 540 1880 serviendo
569 1824 658 1880 erant
680 1819 826 1896 liberati,
858 1819 914 1881 sed
945 1819 1115 1881 morientes
1147 1834 1199 1879 res
1230 1835 1336 1880 omnes

135 1921 264 1983 domino
285 1936 343 1981 suo
365 1917 588 1998 relinquebant
598 1917 638 2006 ⁸).
1118 1905 1120 1912 ’

179 2024 209 2102 ξ.
225 2020 296 2086 150.
342 2019 405 2082 Sub
431 2019 693 2099 imperatoribus,
725 2019 763 2081 iis
798 2038 837 2081 ex
869 2019 943 2102 lege
977 2020 1063 2082 lunia
1087 2019 1231 2081 Norbana
1261 2017 1335 2101 (lata

135 2139 165 2182 a.
189 2135 222 2180 u.
249 2137 277 2180 c.
301 2121 444 2206 ccccxx),
469 2121 538 2181 iura
561 2120 745 2182 colonorum
767 2120 947 2184 Latinorum
969 2121 1039 2205 (sed
1066 2123 1134 2182 sine
1157 2118 1335 2182 testamenti

136 2220 287 2298 lectione)
312 2219 383 2282 data
408 2225 497 2293 sunt3
522 2237 584 2300 quo
612 2221 695 2282 lacto
716 2220 816 2282 Latini
842 2221 962 2283 luniani
984 2220 1221 2305 dicebantur4).

179 2321 209 2401 ἕ.
223 2319 293 2386 151.
339 2318 400 2382 Sed
423 2335 492 2381 oum
516 2320 553 2382 ad
577 2321 760 2401 reipublice
781 2321 873 2384 linem
885 2323 1013 2384 nimium
1029 2325 1141 2404 augeri
1164 2322 1337 2400 erupissent

135 2419 410 2495 manumissiones,
433 2421 704 2501 pessimorumque
720 2423 875 2484 bominum
900 2423 992 2485 turba
1017 2423 1055 2485 ad
1080 2424 1238 2484 civitatem
1259 2437 1337 2500 per-
1396 2421 1401 2438 ⁸

134 2523 277 2596 veniret,
300 2521 437 2582 diverse
469 2521 559 2604 leges
583 2521 653 2582 latre
674 2529 749 2584 sunt
779 2523 816 2584 ad
847 2523 902 2585 has
925 2523 1086 2588 libertates
1108 2520 1335 2604 impediendas,

133 2619 395 2700 coercendosque
416 2622 525 2682 nimias
549 2623 810 2702 periculosasque
824 2624 1095 2686 manumissiones.
1140 2622 1175 2684 ln
1196 2622 1247 2683 his
1267 2639 1335 2682 ma-

133 2723 218 2783 xime
241 2720 294 2802 lerr
310 2721 390 2783 AElia
404 2721 547 2803 sentim)
572 2722 711 2800 excellit,
736 2739 805 2803 quae
830 2725 1034 2804 quorumdam
1055 2724 1229 2786 libertatem
1250 2738 1334 2783 non-

132 2823 196 2894 nisi
216 2839 309 2884 oausa
332 2824 364 2884 in
394 2823 527 2886 oonsilio
548 2824 679 2904 probata
702 2823 843 2900 admisit,
877 2825 1023 2905 aliosque
1046 2825 1252 2887 manumissos
1274 2821 1334 2882 dc-

134 2923 309 2986 dititiorum
331 2941 463 2986 numero
484 2941 556 2987 esse
581 2923 691 2986 voluit.
737 2923 804 2986 lllis
828 2925 929 2987 exbis
954 2943 1016 2987 non
1036 2926 1118 2987 iuste
1134 2923 1332 2986 manumissis

132 3025 227 3088 etiarn
249 3023 430 3086 Latinorum
455 3025 522 3086 iura
546 3023 612 3085 Lex
636 3023 714 3086 lulia
736 3024 882 3088 Norbana
905 3025 1064 3087 concessit
1075 3026 1110 3106 ⁶).
1167 3023 1237 3085 Tria
1259 3021 1334 3084 inde

134 3165 334 3180 Μαι-ι

170 3269 200 3337 1)
222 3269 350 3323 Solannia
369 3273 417 3324 illa
436 3274 488 3324 hoe
507 3275 567 3324 loeo
584 3278 727 3340 pretorem
745 3274 809 3326 ride
828 3280 1048 3328 commentatores
1067 3275 1101 3328 de
1118 3276 1150 3327 iis
1172 3275 1333 3326 disserentes

133 3349 161 3396 et
186 3344 305 3396 Walters·
320 3342 395 3397 Hert.
414 3347 466 3396 sicr.
485 3361 562 3407 rom,
582 3346 624 3396 ed.
643 3346 676 3396 ΙΙ.
697 3345 720 3405 5.
737 3343 887 3398 eos-455.

171 3411 200 3477 2)
219 3414 282 3480 Ulp.
303 3415 342 3465 tit.
361 3417 395 3466 11.
420 3417 453 3466 D.
473 3414 518 3478 40,
540 3415 556 3466 7
574 3415 621 3480 (de
640 3421 711 3468 statu
730 3415 838 3482 liberis).

171 3483 201 3548 3)
221 3486 327 3552 Fragm.
347 3502 459 3552 mecum
488 3487 522 3538 de
546 3488 611 3538 iuris
630 3503 702 3554 spec.
724 3494 750 3540 et
771 3488 805 3539 de
823 3500 939 3538 manum.
958 3486 980 3547 ἓ.
999 3485 1024 3538 4.
1047 3483 1072 3538 5.
1090 3485 1264 3552 inorpiur.
1286 3501 1333 3538 an-

132 3557 231 3619 teiust,
251 3559 303 3607 vol.
322 3557 341 3608 1.
359 3575 384 3624 p.
404 3557 553 3610 218-219.
597 3559 657 3610 Gaii
675 3562 738 3610 Inat.
759 3557 848 3618 111.§.
870 3554 913 3609 55.

169 3623 200 3688 4)
219 3629 324 3694 Fragm.
347 3628 370 3688 ἓ.
391 3625 470 3680 6-8.
509 3630 593 3680 Gaius
611 3631 629 3680 1.
649 3645 672 3680 o.
693 3629 740 3682 lib.
761 3631 785 3682 1.
805 3630 827 3688 §-
847 3628 961 3682 22-24.

169 3695 198 3763 5)
216 3702 258 3750 De
276 3701 337 3765 lege
356 3701 426 3750 AElia
437 3699 528 3751 Sentis
547 3701 682 3753 deseritur
699 3703 727 3753 in
746 3704 783 3753 tlt.
802 3702 865 3752 inst.
884 3700 905 3750 1.
925 3699 950 3754 b.
988 3697 1040 3762 Qui
1057 3703 1084 3750 et
1102 3699 1198 3766 quibus
1215 3713 1251 3750 ex
1269 3713 1333 3749 cau·

132 3772 169 3823 sis
188 3773 373 3822 manumittere
393 3787 446 3822 non
464 3777 584 3837 possunt.
623 3773 783 3825 Conferendi
803 3789 862 3824 eum
881 3787 913 3824 eo
935 3772 1067 3840 Ulpianus
1085 3771 1113 3820 in
1130 3771 1226 3835 fragm·
1251 3770 1289 3821 tit.
1309 3770 1331 3820 1.

133 3843 157 3902 ἓ.
178 3839 291 3894 11-15,
331 3842 390 3892 Gai.
415 3842 439 3894 1.
459 3843 480 3902 ἓ.
501 3839 616 3894 37-47,

169 3910 198 3976 6)
220 3913 280 3964 Gai.
296 3914 315 3964 1.
336 3929 358 3963 o.
396 3913 457 3980 Ulp.
476 3915 496 3964 Ι.
517 3913 552 3966 10
573 3921 600 3964 et
617 3915 655 3965 tit.
675 3915 723 3965 III.
761 3914 823 3966 Iura
842 3913 999 3963 Latinorum
1017 3911 1187 3962 Iunianorum
1205 3925 1274 3976 supe
1291 3911 1331 3962 ln·

133 3983 199 4035 eolis
218 3984 421 4050 municipiorum
440 3990 466 4036 et
485 3986 512 4036 in
531 3985 672 4050 provinciis
690 3999 819 4038 concessa
839 3990 899 4036 sunt
916 3985 1000 4035 veluti
1017 3983 1162 4049 Hispaniae.
1201 3981 1330 4043 Quanam

133 4057 189 4106 bueo
206 4055 266 4105 lure
282 4056 311 4105 in
330 4055 481 4107 civitatibus
493 4056 706 4122 hispaniensibus
724 4059 829 4118 fuerint,
850 4055 991 4106 didicimus
1012 4071 1048 4105 ex
1067 4055 1167 4105 tabulis
1184 4053 1264 4105 asneis
1283 4070 1331 4104 nu-

133 4127 245 4193 perrime
263 4139 348 4192 prope
361 4128 498 4192 Malagma
518 4129 641 4190 inventis,
662 4129 690 4178 in
708 4129 803 4195 quibus
821 4129 946 4191 leguntur
963 4127 1029 4188 (heu
1047 4142 1102 4176 non
1122 4121 1258 4191 integret)
1283 4123 1330 4174 Lt-

134 4206 179 4242 uus
199 4205 378 4243 rossemanne
398 4207 568 4243 saurunsnan
588 4207 619 4242 ur
639 4207 820 4261 eluserunt,
840 4197 875 4248 sb
894 4198 1054 4262 imperatore
1062 4195 1231 4262 Vespasiano
1252 4195 1329 4246 datae,

133 4269 251 4318 Primum
270 4284 295 4318 a.
314 4265 380 4321 1851
402 4269 503 4334 publici
520 4269 584 4321 iuris
609 4271 686 4320 lactea
711 4275 771 4321 sunt
795 4284 812 4318 a
833 4269 896 4320 Icto
916 4270 980 4320 Don
1003 4268 1119 4320 Manuel
1138 4267 1276 4333 Rodrt'pse
1297 4270 1330 4318 ds

133 4341 286 4404 Bertanpo,
308 4339 429 4392 secundo
448 4341 526 4391 editae
545 4341 686 4392 abeodem
704 4337 807 4392 arsos
825 4340 1100 4390 comcommentsriie.
1120 4340 1213 4388 Plures
1232 4338 1330 4388 deinde

134 4410 195 4461 illas
215 4410 303 4461 denuo
316 4411 528 4476 publicaverunt,
547 4413 711 4478 interpretati
724 4416 752 4462 et
762 4412 934 4463 commentati
946 4415 1014 4472 sunt,
1033 4415 1061 4460 ut
1071 4406 1140 4461 1855
1154 4410 1203 4460 Tb.
1218 4407 1330 4458 Momm·

136 4497 184 4531 ssn
202 4478 506 4546 Berolineneie,(18b6)
528 4482 682 4535 Essenos
702 4483 860 4548 Lobonlops
878 4487 905 4534 et
925 4483 1042 4534 Carolus
1061 4480 1171 4532 (lisand
1188 4479 1330 4532 Pandantes

136 4551 198 4603 tou.
235 4553 385 4604 Nouissime
404 4554 465 4604 illas
485 4553 570 4605 edidit
586 4559 612 4605 et
629 4553 698 4604 nous
715 4554 886 4619 perlustravit
904 4554 1022 4605 Carolus
1041 4551 1105 4600 Zslt
1122 4552 1149 4600 in
1161 4565 1211 4602 suo
1229 4545 1326 4600 Hand·
