3082 4976
633 339 713 378 usn
730 341 748 381 l.
767 339 826 378 ῦΔΡ.
845 340 886 382 tu.
1323 341 1360 398 ω

152 477 242 552 nati,
271 473 345 538 iusti
373 477 405 535 et
427 472 560 556 legitimi
590 471 781 548 reddantur,
812 476 974 536 contracto
997 475 1079 538 inter
1106 493 1214 540 eorum
1236 485 1354 561 patrem

127 563 134 573 ’
152 575 329 640 naturalem
352 592 389 636 ae
411 579 540 636 matrem
562 573 756 636 matrimonio
771 573 811 659 1).

195 678 227 758 ξ.
243 674 313 740 193.
358 674 448 748 Quod
478 676 505 736 si
528 674 756 736 matrimonium
779 675 861 736 inter
885 673 1056 742 liberorum
1080 679 1268 744 naturalium
1295 701 1354 764 pa·

153 780 262 838 rentes
284 793 324 838 ex
346 776 428 836 iusta
451 790 544 836 eausa
569 773 711 836 contrahi
724 791 787 836 non
809 778 930 854 potest,
953 778 1034 855 patri
1057 796 1176 857 eorum,
1197 781 1353 862 siquidem

152 877 315 960 legitimos
338 874 419 938 lilios
444 893 506 938 non
532 874 643 951 hahet,
670 876 857 955 permissum
879 881 928 936 est
948 895 965 938 a
988 876 1179 960 lustiniano,
1202 882 1354 964 principis

152 979 354 1058 rescriptum,
377 995 440 1058 quo
463 976 596 1059 legitimi
618 975 831 1052 declarentur,
854 977 1016 1056 postulare
1024 998 1034 1054 ;
1059 979 1126 1044 hren
1147 986 1180 1044 et
1200 981 1273 1044 inde
1295 999 1352 1062 per

151 1079 343 1159 rescriptum
364 1077 516 1158 principis
538 1075 725 1158 legitimatio
748 1075 924 1157 appellatur
936 1077 975 1167 ²).

196 1182 228 1262 g.
242 1177 313 1244 194.
358 1176 462 1240 Ceteri
484 1182 599 1257 preter
623 1177 800 1252 naturales,
824 1176 918 1240 liberi
939 1178 1038 1261 vulgo
1061 1181 1184 1260 quesiti
1205 1184 1275 1246 iure
1296 1201 1353 1247 ro-

152 1297 245 1344 mano
268 1279 356 1342 nullo
381 1279 473 1342 modo
494 1278 627 1362 legitimi
649 1277 731 1340 effici
759 1285 909 1358 possunt3
941 1296 1129 1360 semperque
1156 1284 1211 1362 qui
1241 1283 1355 1368 legista

153 1387 289 1458 mantur,
314 1383 493 1444 consentire
514 1380 546 1442 in
568 1378 827 1460 legitimationem
849 1379 978 1456 dehere,
1001 1385 1033 1441 et
1051 1382 1129 1442 iuris
1145 1384 1259 1446 rationi
1272 1401 1351 1448 oon-

152 1484 288 1546 veniens
311 1486 342 1544 et
364 1482 395 1551 iu
408 1478 543 1542 Novella
567 1481 789 1544 constitutione
812 1504 916 1544 nrrnrx
939 1499 1007 1560 eap.
1023 1505 1064 1542 rr.
1087 1500 1116 1561 p.
1140 1485 1170 1564 ξ.
1189 1485 1217 1548 1.
1241 1483 1351 1548 alus·

153 1586 275 1648 tiniano
297 1582 501 1646 constitutum
523 1586 582 1644 est.

196 1687 228 1768 ξ.
242 1684 313 1751 195.
356 1681 475 1756 Quodsi
489 1687 631 1744 mortuus
648 1687 735 1744 esset
750 1687 849 1762 pater,
875 1687 1042 1762 antequam
1058 1684 1245 1764 rescriptum
1264 1686 1353 1765 prin-

152 1787 235 1866 oipis
257 1789 367 1866 petere
388 1788 522 1865 poterat,
544 1786 576 1846 in
600 1787 786 1844 testamento
809 1800 886 1855 vero
909 1783 1069 1846 naturales
1085 1781 1202 1846 liheros
1217 1783 1351 1848 heredes

70 1899 76 1909 ·
151 1886 379 1961 nominaverit,
401 1882 586 1960 affectione,
619 1900 692 1947 sese
713 1900 768 1946 eos
789 1882 949 1964 legitimos
971 1873 1077 1946 faeere
1098 1874 1260 1961 voluisse,
1293 1885 1352 1946 de-

153 1991 336 2062 monstrata,
362 1985 394 2046 hi
417 1985 603 2064 rescriptum
626 1985 776 2064 principis
798 1982 1035 2066 legitimationis
1054 2001 1148 2048 eausa
1169 1985 1229 2066 ipsi
1250 1987 1351 2066 impe-

152 2095 239 2150 trare
260 2092 403 2174 possunt,
427 2104 467 2148 ex
488 2084 650 2148 Iustiniani
671 2085 865 2171 Novellis³).

196 2187 282 2250 ldem
304 2187 473 2268 imperator
498 2184 609 2248 lustini
639 2187 891 2254 constitutionem
919 2186 1148 2267 comprobavit,
1171 2203 1232 2266 qua
1254 2183 1351 2274 adro-

153 2288 243 2371 gatio
265 2286 437 2349 liberorum
458 2286 646 2350 naturalium
669 2285 905 2374 prohibetur4).

198 2390 228 2470 ς.
244 2386 313 2452 196.
357 2385 535 2470 Legitinrati
559 2385 653 2448 liheri
677 2405 716 2449 ex
742 2387 885 2449 omnihus
909 2389 1012 2450 causis
1036 2385 1185 2468 legitimis
1208 2387 1351 2467 equipa-

154 2491 217 2552 rati
240 2494 332 2567 sunt,
364 2489 395 2550 in
426 2491 523 2568 patris
552 2493 708 2574 potestate
730 2489 909 2564 constituti,
943 2489 1011 2552 eius
1032 2487 1137 2569 agnati
1161 2487 1349 2570 oognatique

155 2589 349 2652 alliciuntur.
431 2603 434 2614 ‘

521 2776 589 2830 Tru.
607 2776 640 2828 v.
677 2777 725 2828 ou
745 2776 953 2830 auerrione
965 2773 996 2843 ⁵).

197 2885 228 2965 ξ.
243 2883 313 2948 197.
357 2885 493 2967 Adoptio
514 2886 686 2966 antiquitus
709 2886 857 2950 solemnis
881 2892 949 2948 erat
975 2885 1056 2948 aetio
1085 2883 1137 2947 vel
1159 2902 1262 2947 coram
1291 2902 1352 2965 po·

152 2982 231 3063 pulo
254 2984 286 3044 in
309 2985 441 3047 comitiis
468 2984 520 3047 vel
542 3003 646 3047 coram
666 2988 848 3069 magistratu
871 2985 1040 3063 celebrata,
1063 3003 1121 3066 per
1136 3002 1228 3066 quam
1242 2990 1350 3064 pater-

154 3082 290 3146 familias
314 3085 346 3146 io
375 3091 523 3148 extranea
554 3102 688 3165 persona
718 3087 848 3167 patriam
875 3091 1062 3166 potestatem
1091 3083 1348 3158 nanoiscehatur;
1386 3109 1390 3118 ’

153 3183 193 3246 ah
215 3183 376 3248 hodiernis
397 3204 475 3250 vero
497 3191 586 3248 actus
608 3185 769 3269 legitimus
791 3186 923 3264 dieitur,
956 3203 1018 3266 quo
1039 3203 1102 3248 non
1130 3185 1262 3247 invitum
1290 3199 1350 3246 ex-

44 3335 50 3346 ,
154 3293 297 3350 traneum
318 3289 350 3348 in
372 3286 474 3366 locum
498 3287 553 3349 lilii
577 3286 628 3348 vel
649 3289 774 3368 nepotis
793 3286 998 3349 adsciscimus
1010 3286 1048 3372 8).

198 3389 229 3469 ξ.
243 3386 312 3451 198.
356 3386 544 3466 Adoptionis
565 3404 677 3449 nomen
701 3385 852 3469 generale
875 3391 941 3463 est,
972 3385 1029 3448 sed
1060 3386 1091 3446 in
1117 3383 1194 3446 duas
1222 3383 1348 3462 speeies

153 3486 323 3563 dividitur,
355 3504 486 3567 quarum
508 3486 608 3550 altera
630 3487 776 3550 similiter
798 3486 925 3568 adoptio
958 3485 1010 3571 (ab
1035 3483 1196 3547 hodiernis
1225 3480 1349 3562 adoptio

152 3587 188 3647 in
206 3587 321 3674 specte)
346 3587 471 3664 dicitur,
495 3587 592 3650 altera
608 3587 774 3670 adrogatio
786 3586 823 3676 ⁷).
858 3586 921 3649 llao
934 3587 983 3649 sui
1000 3586 1079 3647 iuris
1092 3584 1233 3648 homines
1250 3582 1352 3676 111111)-ι

153 3693 278 3764 tantur,
310 3687 393 3768 quod
409 3687 488 3750 olim
511 3687 619 3768 populi
641 3691 843 3764 auctoritate,
874 3687 982 3750 calatis
1010 3685 1162 3762 comitiis,
1195 3685 1216 3746 1.
1240 3703 1268 3746 e.
1292 3701 1350 3771 per

152 3789 351 3870 rogationem
375 3789 494 3868 populi,
517 3787 627 3864 hehat,
651 3789 733 3852 unde
754 3795 786 3852 et
806 3789 1021 3873 adrogationis
1041 3803 1154 3851 nornen
1175 3783 1349 3848 deseendit.

152 3887 331 3950 Novissime
359 3907 395 3950 ea
420 3891 572 3970 principis
599 3891 786 3954 auctoritate
808 3892 830 3952 1.
854 3909 882 3952 e.
906 3907 964 3970 per
986 3889 1173 3969 rescriptum
1197 3884 1348 3966 principis

153 3988 242 4078 1118).
285 3989 395 4058 Altera
417 3990 561 4076 adoptio,
586 4008 655 4072 quae
678 3993 710 4056 in
733 3991 781 4056 his
801 3989 904 4056 locum
926 3991 1036 4068 habet,
1066 3992 1119 4070 qui
1141 3989 1174 4052 in
1196 3977 1351 4072 potestate

152 4108 353 4122 ——u—...

191 4159 220 4226 1)
242 4162 271 4212 G.
290 4162 316 4212 1.
334 4157 359 4213 5.
378 4159 403 4212 6.
423 4157 448 4214 7.
467 4158 510 4214 10.
530 4160 572 4212 11.
592 4162 621 4214 (t.
640 4161 666 4212 h.
686 4166 704 4214 t.
725 4160 749 4222 §-
759 4160 802 4215 13.
820 4163 842 4216 Ι.
863 4162 888 4216 1.
907 4159 943 4215 10
961 4160 1008 4227 (de
1018 4160 1134 4230 nuptiis).
1154 4159 1272 4216 usaue.
1291 4156 1346 4212 o8.

190 4231 219 4298 2)
239 4233 306 4284 Nor.
325 4229 368 4284 74.
388 4247 410 4283 e.
433 4231 458 4282 1.
477 4231 501 4284 2.
521 4232 588 4284 Nor.
607 4232 650 4286 89.
670 4249 692 4284 s.
711 4233 737 4287 9.
885 4233 914 4299 3)
934 4235 1001 4288 Nor.
1020 4233 1063 4288 89.
1082 4251 1105 4286 o.
1126 4231 1169 4288 10.

188 4301 218 4370 4)
238 4319 261 4356 o.
281 4299 308 4356 7.
327 4304 355 4356 0.
375 4304 401 4354 h.
418 4308 437 4354 t.
474 4300 687 4360 11017113.

153 4411 156 4418 ,
189 4371 217 4439 5)
235 4377 257 4426 I.
276 4375 301 4438 1,
320 4374 362 4427 11.
382 4374 442 4426 Gal.
460 4373 485 4426 1.
504 4372 527 4434 ἓ.
546 4370 676 4428 97-107.
694 4376 755 4441 Dig.
777 4373 803 4438 1,
821 4370 847 4428 7.
866 4374 933 4429 (ted.
952 4373 1031 4440 &48
1049 4374 1179 4443 (1111111).
1198 4375 1261 4442 Ulp.
1279 4369 1344 4426 ras.

188 4441 217 4510 6)
237 4447 299 4512 Arg.
317 4447 348 4497 fr.
368 4442 409 4497 77.
430 4447 463 4496 D.
484 4441 643 4511 oe,17(o0
661 4462 716 4514 reg.
739 4442 809 4511 iun).

189 4513 218 4582 7)
238 4518 282 4568 Fr.
302 4511 371 4586 111.
390 4515 415 4569 1.
433 4518 465 4568 D.
484 4517 511 4567 h.
530 4518 549 4568 t.
569 4513 593 4576 ἓ.
612 4515 637 4569 1.
655 4518 675 4570 1.
697 4517 759 4571 eod.
830 4514 865 4584 ζ8)
887 4517 1001 4572 (12.6.
1023 4517 1052 4570 0.
1073 4513 1343 4575 u,a§.1.1.h.r.
