3064 4966
587 343 838 386 circumcursu.
1262 337 1315 392 243

107 489 328 537 successorem
341 472 421 547 eius,
444 471 500 533 sed
513 473 595 534 intra
609 472 710 534 solum
723 473 883 536 biennium
899 476 1081 538 continuum
1095 498 1102 536 :
1128 492 1190 558 quo
1205 477 1314 559 elapso

106 571 313 637 nullomodo
337 569 467 651 querela
490 589 551 633 non
573 578 743 634 numerata
763 575 906 653 pecunie
929 575 1091 638 introduci
1114 585 1222 658 posset
1235 576 1272 662 ¹).

151 674 268 758 §.842
313 673 347 733 ln
371 670 479 734 eadem
504 674 728 735 constitutione
754 676 935 755 precipitur
963 677 1185 738 securitatibus
1219 695 1317 758 super

107 776 321 840 solutionibus
343 773 490 853 praestitis
514 775 710 853 conscriptis,
735 775 765 835 in
790 776 904 853 quibus
924 779 1098 839 numeratio
1111 779 1314 858 pecuniarum

108 877 164 938 vel
187 881 343 938 certarum
364 876 541 954 specierum
565 875 680 955 scripta
705 881 763 951 est,
786 879 865 937 iutra
891 877 1020 959 triginta
1044 877 1242 940 tantumdies
1256 897 1315 942 ex-

109 979 289 1057 ceptionem
312 993 374 1037 non
397 981 567 1036 numerstae
588 978 731 1054 pecuniae
752 993 848 1058 posse
873 978 977 1039 obiici.

151 1077 297 1156 Denique
320 1095 359 1137 ex
380 1075 450 1137 aliis
474 1075 637 1137 lustiniani
660 1077 954 1155 constitutionibus,
979 1080 1006 1140 si
1030 1081 1100 1158 quis
1124 1078 1228 1142 dotem
1253 1081 1312 1143 sibi

107 1183 302 1241 numeratam
321 1194 393 1240 csse
407 1179 582 1256 scripserit,
608 1195 677 1256 quae
692 1185 851 1240 numerata
866 1197 928 1240 non
944 1185 1002 1254 est,
1030 1181 1207 1260 exceptioni
1223 1181 1313 1242 loeus

107 1298 173 1342 non
196 1285 255 1354 cst,
278 1285 349 1358 post
370 1296 484 1340 annum
508 1297 525 1338 e
547 1280 755 1355 matrimonio,
781 1279 864 1359 quod
888 1298 950 1341 non
973 1280 1056 1342 ultra
1075 1280 1234 1344 biennium
1252 1282 1315 1343 du-

106 1387 256 1456 raverat,
287 1379 411 1453 soluto;
444 1384 516 1458 post
539 1383 605 1438 tros
629 1396 773 1454 menses,
805 1379 959 1442 dissoluto
982 1381 1197 1459 matrimonio,
1229 1382 1313 1462 quod

106 1483 190 1544 ultra
215 1482 388 1555 biennium,
411 1479 467 1540 sed
481 1480 605 1540 minime
629 1480 709 1542 ultra
728 1481 914 1542 decennium
929 1481 1116 1557 duraverat;
1139 1490 1171 1546 et
1186 1487 1313 1547 omnino

107 1583 289 1663 exceptioni
313 1580 402 1642 locus
424 1598 487 1642 non
511 1587 577 1656 est,
600 1580 705 1642 soluto
729 1584 924 1644 matrimonio
946 1600 1004 1662 per
1026 1583 1212 1649 decennium
1234 1605 1314 1650 con-

107 1683 284 1768 tinuat02).

454 1869 522 1922 riu.
539 1871 587 1922 iv.
625 1873 673 1922 nn
693 1871 925 1924 oouuoonuo
940 1871 970 1938 ¹).

142 2009 181 2089 ξ.
198 2006 270 2070 843.
314 2005 360 2066 Re
376 2003 490 2066 deinde
508 2003 669 2084 perficitur
692 2005 928 2082 commodatum,
954 2005 1041 2085 quod¹
1060 2005 1159 2083 adest,
1182 2009 1209 2068 si
1228 2007 1314 2070 nulla

106 2105 255 2168 mercede
278 2109 406 2185 accepta
430 2103 481 2166 vel
505 2107 672 2167 constituta
697 2122 749 2166 res
769 2105 883 2168 utenda
907 2105 1016 2183 datur,
1048 2124 1117 2186 quae
1142 2106 1229 2170 sinito
1251 2127 1312 2170 usu

104 2211 140 2269 in
162 2209 269 2288 specie
291 2207 479 2268 restituitur.
525 2206 584 2279 Qui
609 2225 674 2268 rem
698 2207 844 2269 utendam
868 2207 930 2284 dat,
954 2208 1171 2287 commodans,
1208 2212 1235 2271 is
1258 2212 1309 2273 cui

106 2308 333 2384 commodatur,
358 2307 452 2369 hodie
474 2307 733 2369 commodatorius
756 2307 946 2388 appellatur.

150 2413 181 2491 ξ.
195 2410 267 2473 844.
314 2407 510 2470 commodari
535 2423 642 2470 omnes
666 2426 719 2469 res
745 2413 889 2488 possunt,
912 2413 972 2470 tarn
992 2407 1124 2469 mobiles
1145 2425 1236 2486 quaro
1251 2407 1311 2471 soli

104 2528 173 2587 res,
196 2527 299 2591 neque
322 2517 423 2572 tamen
445 2510 488 2585 id,
513 2509 597 2590 quod
620 2527 680 2570 usu
703 2512 908 2585 eonsumitur,
932 2509 992 2570 nisi
1012 2508 1092 2570 lorte
1117 2508 1154 2570 ad
1169 2525 1311 2589 pompam

106 2611 164 2673 vel
187 2612 225 2674 sd
246 2613 486 2674 ostentationem
505 2613 575 2691 quis
591 2613 738 2692 accipiat3
762 2615 835 2691 quia
852 2629 904 2672 res
919 2613 995 2691 ipsae
1008 2611 1133 2671 restitui
1146 2609 1313 2696 debent4).

106 2711 207 2776 Nemo
224 2711 448 2774 commodando
463 2729 527 2773 rem
542 2711 616 2774 lacit
629 2713 710 2788 eius,
735 2713 785 2773 cui
798 2711 983 2787 commodat,
1006 2729 1064 2772 nec
1077 2713 1313 2790 possessionem

77 2813 79 2818 '
106 2815 143 2874 in
170 2831 238 2875 eum
269 2811 430 2888 transient,
453 2811 510 2874 sed
537 2831 602 2875 rem
625 2811 770 2875 utendam
794 2819 911 2875 tantum
935 2812 1028 2874 tradit
1038 2831 1047 2887 3
1078 2812 1162 2874 unde
1191 2813 1218 2873 si
1240 2831 1315 2875 casu

107 2915 242 2976 fortuito
261 2916 354 2994 perit,
378 2932 443 2975 eam
456 2912 599 2994 periculo
614 2914 836 2976 commodantis
859 2915 1005 2995 periisse,
1027 2913 1192 2976 dicendum
1216 2915 1315 3002 estl).

61 3089 69 3100 ‚
109 3015 287 3078 Gratuitum
311 3013 404 3078 debet
427 3031 498 3076 esse
520 3015 766 3090 commodatum;
796 3015 822 3076 si
845 3031 968 3077 merces
999 3015 1091 3077 datur
1116 3016 1168 3077 vel
1191 3017 1314 3078 consti-

109 3118 222 3192 tuitur,
246 3115 368 3177 locatus
391 3132 467 3176 usus
494 3132 565 3177 csse
586 3115 713 3178 videtur
723 3116 762 3202 6).

156 3219 187 3298 ξ.
203 3215 274 3282 845.
320 3213 361 3291 ls,
389 3216 441 3295 qui
466 3233 531 3277 rem
553 3215 698 3277 utendam
722 3218 844 3296 accipit,
868 3235 938 3278 eum
953 3222 1069 3280 tanturn
1087 3217 1134 3278 rei
1148 3231 1237 3275 usum
1256 3213 1339 3276 ha-·

110 3317 179 3392 bet,
205 3318 294 3378 cuius
315 3318 415 3399 gratia
440 3317 631 3379 commodata
657 3323 716 3392 est,
743 3319 820 3378 etsi
844 3319 875 3378 in
897 3318 990 3380 alium
1012 3334 1103 3377 usum
1127 3333 1192 3378 earn
1209 3319 1315 3375 truns-

110 3419 207 3492 ferat,
231 3417 347 3479 lurtum
373 3417 537 3479 committit
552 3415 589 3504 Ι).
637 3417 766 3478 iubetur
788 3423 929 3480 exactam
950 3415 1144 3499 diligentiam
1167 3415 1214 3476 rei
1238 3429 1314 3475 cus-

151 3663 178 3730 1)
197 3665 288 3716 Verbo
311 3667 505 3718 constitutionis
529 3664 571 3718 14.
590 3683 628 3731 pr.
648 3665 677 3716 G.
696 3666 722 3714 h.
743 3671 761 3714 t.
790 3667 835 3716 cir.
854 3670 881 3716 et
899 3681 921 3716 o.
941 3660 966 3715 8.
983 3664 1012 3714 O.
1031 3664 1058 3713 h.
1077 3667 1095 3712 t.
1131 3662 1219 3712 Debet
1235 3659 1315 3726 igitur

111 3737 321 3804 chirographum
342 3737 483 3790 condicere
508 3738 577 3788 intra
596 3737 747 3798 biennium,
773 3737 817 3804 qui
841 3741 940 3788 temere
961 3736 1076 3801 scripsit,
1103 3732 1244 3799 pecuniam
1263 3729 1313 3782 sibl

111 3826 173 3863 esse
191 3813 366 3859 numeratam.
386 3826 407 3860 c.
426 3807 468 3859 14.
488 3807 511 3867 ἓ.
531 3806 556 3858 4.
579 3809 607 3860 0.
630 3809 691 3859 eod.
728 3809 894 3874 Exceptione
914 3807 1037 3872 opposite
1062 3803 1231 3870 compellitur
1247 3803 1314 3868 psti-

111 3891 155 3934 tor
175 3881 304 3946 probare,
330 3885 497 3932 numeratum
515 3894 562 3930 reo
582 3880 664 3932 fuisse
683 3880 832 3944 pecuniam,
851 3894 903 3946 quo
922 3895 976 3930 non
993 3877 1101 3944 impleto
1119 3874 1254 3928 absolutio
1272 3888 1312 3926 se-

130 3949 430 4004 mmoastbt

111 3973 129 4022 q
148 4020 178 4090 2)
200 4023 228 4073 G.
250 4021 275 4073 3.
295 4021 324 4072 0.
344 4019 370 4085 5,
387 4021 422 4074 15
442 4020 489 4087 (de
512 4022 575 4073 dote
594 4028 675 4073 ceute
693 4037 748 4072 non
765 4015 926 4083 numerata).
965 4019 1032 4070 Nor.
1054 4016 1113 4070 100.
1132 4034 1154 4068 c.
1174 4017 1199 4069 1.
1218 4016 1243 4069 2.

149 4091 178 4157 3)
197 4093 221 4152 ἓ.
237 4092 262 4145 2.
281 4094 302 4144 Ι.
321 4091 400 4156 3,14
420 4093 471 4158 (tit.
491 4090 554 4158 sit).
573 4095 606 4143 D.
626 4091 669 4156 13,
686 4091 711 4143 6.
734 4093 800 4143 Ood.
818 4089 845 4154 4,
863 4089 899 4144 20
917 4087 964 4157 (de
982 4085 1172 4154 commodato).

112 4165 191 4219 Paul.
209 4171 306 4231 recept.
328 4171 394 4216 sent.
414 4167 448 4214 ll.
469 4162 495 4216 4.
533 4163 636 4230 Mopse
653 4162 693 4226 §5-
711 4161 869 4216 318.—319.

148 4233 180 4301 4)
199 4237 242 4286 tte.
260 4235 285 4286 3.
304 4235 327 4294 §a
345 4235 369 4287 6.
389 4238 421 4287 fr.
440 4233 465 4289 4.
487 4237 520 4286 D.
539 4237 603 4286 h.'t.
642 4235 781 4286 Habitstio
807 4247 912 4301 quoque
934 4232 1100 4285 commodari
1121 4233 1216 4298 potest.
1235 4229 1266 4278 ir.
1286 4223 1311 4277 1.

112 4310 137 4369 ς’.
157 4308 182 4359 1.
201 4309 234 4357 Ι).
255 4308 316 4358 eod.

150 4377 179 4444 5)
201 4379 224 4437 ἓ.
243 4378 268 4429 2.
285 4379 307 4428 Ι.
326 4378 368 4429 cit.
385 4381 416 4430 ir.
436 4377 461 4429 8.
479 4377 503 4429 9.
524 4381 556 4428 D.
577 4379 604 4428 h.
623 4382 641 4427 t.
742 4372 770 4439 6)
791 4375 814 4434 ἓ.
834 4374 859 4427 2.
879 4375 898 4424 Ι.
918 4376 944 4425 h.
964 4380 982 4424 t.

150 4447 180 4516 7)
199 4449 223 4509 ἓ.
242 4448 267 4501 6.
287 4446 313 4500 7.
332 4451 352 4500 Ι.
370 4447 397 4514 4,
420 4449 434 4500 1
455 4446 501 4514 (de
521 4449 602 4515 oblig.
622 4444 896 4512 exdelicto).ir.18.
915 4463 955 4512 pr.
975 4445 1009 4494 l).
1028 4445 1055 4494 b.
1074 4449 1093 4495 t.
1128 4443 1159 4492 In
1179 4435 1310 4492 eiusmodi

115 4537 184 4576 essu
203 4535 246 4572 res
265 4521 362 4574 aanor
379 4519 497 4588 periculo
515 4525 562 4572 est.
