3082 4976
165 407 170 418 .
212 367 248 424 70
535 375 738 414 rrrrrrurronss
757 373 831 414 ruant
853 375 955 413 roslar
976 375 1098 414 rarrnrr.

219 506 346 582 milites,
369 501 509 584 episcopi
520 504 553 563 et
575 500 719 563 monaehi
733 497 773 587 1),
798 499 912 580 quibus
935 500 1079 566 erunibus
1101 519 1141 564 ne
1162 501 1416 584 deferriquidern

213 604 311 668 tutela
333 601 386 666 vel
408 615 484 664 cura
507 599 627 663 utiliter
647 603 763 681 potest.

252 709 283 786 p.
297 702 370 769 255.
413 699 496 762 Aliis
518 699 663 780 personis
686 697 804 761 deierri
833 699 977 780 quiden,
1010 700 1067 764 sed
1089 702 1209 782 suscipi
1238 703 1341 766 abiis
1371 723 1412 767 ea

210 821 339 868 munera
360 817 422 865 non
442 803 593 880 possunt:
615 815 715 878 quare
738 799 832 862 bodie
845 819 863 862 a
877 801 1079 883 suscipienda
1093 803 1146 866 vel
1159 805 1301 888 gerenda
1314 805 1416 870 tutela

211 905 264 968 rel
286 921 363 967 cura
383 901 561 962 rreeersun’o
582 900 728 962 comari
746 901 905 964 dicuntur.

254 1003 369 1088 §.abo
414 1002 493 1066 Sunt
514 1017 561 1064 cae
582 1000 707 1078 furiosi,
729 1003 818 1077 muti,
842 1001 950 1079 surdi,
973 1004 1049 1066 caci
1071 1004 1124 1067 vel
1145 1003 1240 1068 aliona
1263 1004 1303 1067 ob
1326 1024 1417 1071 ruor-

212 1105 286 1168 bunr
307 1103 347 1166 ad
376 1101 518 1184 gerenda
549 1101 682 1164 aliorum
713 1103 842 1184 negotia
872 1103 1028 1166 inhabiles
1040 1105 1088 1192 ⁹);
1118 1106 1236 1169 inimici
1262 1107 1416 1188 capitales
1520 1091 1521 1106 ¹

211 1204 323 1288 pupilli
346 1203 610 1280 adolescentisve‚
634 1203 686 1264 vel
702 1206 800 1283 patris
822 1221 931 1265 eorum
953 1205 1014 1266 nisi
1035 1207 1251 1270 reconciliatio
1267 1209 1416 1270 interve-

213 1309 308 1395 nitl).
353 1305 429 1370 ltere
457 1305 505 1381 is,
538 1305 592 1384 qui
621 1309 723 1366 status
745 1306 992 1367 controversiam
1016 1323 1033 1368 a
1053 1312 1143 1387 patre
1163 1308 1277 1388 pupilli
1298 1319 1415 1390 passus

212 1414 262 1472 est
282 1407 335 1470 vel
366 1406 396 1468 ei
416 1405 560 1481 moverit,
583 1409 638 1466 aut
665 1403 804 1466 creditor
832 1402 999 1466 debitorve
1021 1403 1133 1485 pupilli
1153 1405 1206 1468 rel
1231 1411 1362 1472 curandi
1373 1409 1414 1498 ⁴),

133 1513 143 1526 “
211 1510 286 1572 itern
300 1509 334 1584 ii,
356 1507 411 1586 qui
426 1523 443 1568 a
459 1504 642 1585 parentibus
656 1509 776 1566 tutores
785 1521 858 1566 esse
881 1505 914 1566 in
927 1509 1112 1569 testamento
1125 1507 1274 1587 prohibiti
1288 1517 1363 1572 sunt
1373 1511 1415 1598 ὃ),

212 1614 266 1672 aut
297 1608 351 1689 qui
384 1623 420 1669 se
451 1609 537 1688 ipsos
571 1605 683 1667 volunt
710 1606 860 1687 ingerere
889 1611 924 1666 ut
960 1611 1127 1684 creentur,
1165 1609 1284 1690 quique
1312 1627 1415 1692 pecu·-

213 1709 295 1776 niam
318 1707 443 1794 denti).
467 1704 666 1770 Generaliter
688 1706 716 1767 si
739 1722 799 1784 qua
820 1705 902 1766 iusta
924 1719 1018 1768 eausa
1035 1709 1250 1790 magistratum
1267 1713 1415 1790 moverit,

214 1825 271 1872 cur
298 1807 437 1890 pupillus
461 1824 525 1872 nou
547 1805 661 1868 debeat
681 1807 713 1868 in
735 1804 870 1870 alieuius
893 1805 992 1868 tutela
1014 1809 1148 1886 versari,
1176 1810 1312 1874 relicere
1342 1828 1415 1875 eum

213 1909 341 1974 debebit
352 1909 392 1997 7).

275 2079 344 2134 TIT.
363 2078 397 2130 X.
433 2076 482 2130 DE
500 2073 815 2132 EXOUSATIONIBUS
835 2071 1013 2130 TUTORUM
1030 2077 1078 2130 ΕΤ
1095 2077 1319 2136 CURATORUM
1331 2079 1360 2152 ⁸).

254 2211 368 2296 5257.
413 2209 489 2272 Cum
512 2209 610 2272 tutela
632 2215 727 2290 atque
749 2227 824 2272 cura
846 2209 980 2290 publicis
1009 2213 1191 2276 muneribus
1222 2215 1282 2278 ianr
1310 2217 1417 2280 adnu-

214 2318 341 2376 nrerate
362 2310 483 2398 sint⁹)‚
514 2327 584 2390 quae
606 2310 644 2372 ab
666 2311 809 2373 omuibus
834 2310 1018 2390 reipublicae
1040 2313 1163 2376 civibus
1186 2315 1263 2378 lerri
1285 2317 1415 2394 debent,

217 2415 350 2498 quilibet
371 2429 423 2474 eas
441 2410 573 2494 gerendi
595 2409 741 2488 idoneus,
762 2411 814 2472 eui
838 2409 1036 2489 deferuntur,
1052 2413 1090 2476 ad
1114 2431 1167 2477 cas
1197 2419 1417 2500 suscipiendas

216 2520 352 2580 tenetur.
395 2513 541 2576 Attamen
564 2513 719 2600 equitatis
743 2512 865 2574 ratione
888 2514 982 2576 certis
1003 2531 1041 2576 ex
1063 2516 1167 2578 causis
1191 2519 1415 2582 excusationes

217 2613 445 2690 conceduntur,
469 2611 583 2694 quibus
594 2613 733 2694 probatis
755 2611 794 2674 ad
817 2611 944 2676 tutelam
967 2614 1020 2676 vel
1043 2631 1149 2678 curan
1171 2619 1273 2682 vocati
1291 2637 1328 2682 eo
1341 2637 1416 2684 rnu-

212 2732 291 2778 nere
314 2712 444 2776 liberari
466 2717 609 2793 possunt.
1200 2783 1203 2792 .
1519 2773 1520 2792 .

255 2818 285 2896 ξ.
298 2811 371 2878 258.
415 2797 569 2874 Εἷουεετί
591 2817 726 2892 possunt
746 2831 762 2874 a
786 2815 884 2877 tutela
905 2832 1025 2892 omnes,
1049 2817 1163 2897 quibus
1180 2819 1305 2902 publica
1322 2838 1416 2902 quc-

215 2915 284 2978 dam
305 2917 446 2996 potestas
469 2917 517 2976 est
538 2910 681 2974 mandata
692 2913 751 3000 10);
774 2931 881 2978 rerum
904 2915 971 2978 lisci
991 2916 1043 2980 vel
1066 2919 1243 3000 principum
1266 2923 1417 3006 vectiga-

214 3015 355 3095 liumque
376 3013 645 3076 administratores
661 3013 713 3099 11),
738 3019 770 3075 et
794 3016 848 3096 qui
871 3017 903 3080 in
926 3017 1090 3080 consilium
1102 3020 1253 3102 principis
1271 3027 1345 3084 sunt
1360 3039 1418 3085 as-
1519 3037 1520 3060 ³

213 3117 306 3181 sumti
318 3114 378 3200 12);
400 3115 475 3196 iteup
496 3112 635 3193 praeleoti
646 3131 777 3176 annonae
794 3115 843 3180 vel
858 3117 1001 3198 vigilum,
1023 3117 1160 3182 officium
1172 3123 1327 3186 mensoris
1342 3123 1416 3186 sru-

216 3215 359 3281 mentarii
383 3219 532 3297 gerentes
547 3215 607 3300 13),
635 3214 772 3296 denique
797 3233 923 3294 ornnes,
955 3219 1009 3300 qui
1031 3219 1214 3302 reipublice
1238 3240 1332 3286 eausa
1354 3223 1416 3288 ab·

214 3315 350 3403 sunt¹⁴)‚
373 3314 426 3377 vel
450 3315 505 3394 qui
527 3314 695 3376 abluerunt
719 3322 751 3378 et
769 3317 893 3378 reversi
915 3323 999 3396 suar,
1021 3319 1102 3382 intra
1123 3339 1246 3384 annnnr.

254 3418 286 3500 §-
301 3415 373 3482 259.
416 3413 558 3478 biberari
577 3432 735 3498 quoquea
759 3415 856 3479 tutela
877 3423 1011 3497 possunt
1034 3421 1146 3484 artiuur
1166 3427 1219 3484 aut
1239 3421 1415 3486 studiorum

217 3513 395 3578 liberalium
407 3511 617 3594 professores,
630 3514 727 3578 veluti
744 3513 899 3593 rhetores,
911 3517 1035 3596 medici,
1056 3517 1134 3582 iuris
1148 3521 1348 3602 professores
1361 3523 1416 3611 ²⁵),

264 3687 274 3753 )
315 3724 321 3738 .
344 3683 386 3738 16.
404 3681 447 3758 id.
469 3679 501 3735 D.
521 3681 565 3746 26,
584 3681 599 3734 1
621 3680 666 3749 (de
685 3682 796 3750 tutelis).
815 3701 838 3736 c.
858 3682 900 3737 52.
920 3686 949 3738 c.
963 3685 985 3738 1.
1003 3685 1020 3740 3
1044 3687 1092 3756 (de
1110 3693 1227 3761 episcop.
1246 3699 1273 3749 et
1292 3695 1415 3762 danais).

213 3757 239 3811 N
276 3797 282 3809 .
302 3755 362 3808 123.
383 3771 404 3807 c.
423 3752 448 3806 5.
469 3755 493 3816 §-
511 3753 536 3807 1.
557 3769 580 3805 ο.
597 3751 623 3805 4.
643 3751 717 3818 (1.5,
738 3753 773 3806 34
793 3751 852 3824 (qui
871 3755 958 3822 dore).

320 3845 341 3880 r.

297 3828 319 3878 F
364 3826 378 3878 1
457 3824 508 3878 .3.
530 3827 562 3878 ir.
574 3819 616 3877 17.
636 3822 667 3876 D.
689 3823 734 3888 26,
758 3825 772 3878 1
792 3825 840 3893 (de
857 3825 927 3894 tut).
944 3846 968 3882 o.
987 3828 1012 3884 3.
1039 3831 1069 3884 O.
1088 3829 1243 3908 ditmar
1260 3842 1308 3891 tul.
1328 3835 1416 3904 dere).

297 3686 311 3746 ἓ

295 3898 310 3958 ἓ

295 3968 310 4028 ἓ
358 3968 375 4020 2
458 3967 502 4020 od.
521 3969 552 4019 fr.
570 3967 595 4019 6.
615 3968 637 4028 ἓ.
657 3967 699 4020 18.
724 3966 754 4018 l).
774 3964 817 4032 27,
835 3968 859 4020 1.
884 3970 945 4021 eod.
966 3973 1033 4026 Nou.
1053 3971 1096 4030 72.

291 4040 334 4091 Fr.
356 4039 398 4092 21.
419 4039 441 4099 §.
461 4038 485 4090 2.
505 4039 539 4091 D.
558 4038 601 4102 26,
623 4037 640 4091 5
659 4037 708 4106 (de
728 4044 807 4091 tutor.
825 4043 868 4093 uel
887 4057 941 4094 our.
962 4045 1054 4113 datis).

290 4111 333 4161 Fr.
353 4109 395 4162 21.
415 4110 438 4170 ἓ.
458 4109 484 4162 6.
502 4111 535 4161 D.
556 4111 618 4163 eod.
672 4107 701 4176 7)
721 4111 764 4161 Fr.
775 4110 800 4162 3.
820 4111 842 4170 ἓ.
856 4110 897 4163 12.
917 4117 950 4166 D.
967 4116 1009 4181 26,
1029 4119 1064 4173 10
1083 4116 1131 4185 (de
1152 4131 1224 4186 supp.
1245 4118 1316 4187 tub),
1518 4153 1519 4182 3

242 4183 271 4250 8)
290 4183 311 4234 Ι.
330 4181 356 4246 1,
375 4179 417 4235 25.
445 4182 478 4233 D.
500 4177 587 4245 27,1.
614 4182 643 4236 0.
662 4178 688 4242 5.
708 4179 742 4234 62
771 4179 819 4248 (da
846 4190 969 4238 exoraret.
995 4195 1073 4246 tutor.
1093 4193 1137 4246 rel
1162 4188 1299 4256 curatae).
1342 4191 1418 4246 Vari.
1518 4187 1519 4258 i

209 4269 278 4309 caue
295 4253 361 4308 iuris
378 4255 532 4320 fragments
551 4249 573 4312 ἓ.
591 4247 740 4306 wit-otu
1518 4259 1519 4279 ¹

244 4322 458 4390 9)Pr.1.h.t
548 4319 594 4387 10)
614 4323 637 4384 s.
657 4321 682 4375 3.
700 4325 721 4374 1.
743 4321 771 4374 h.
792 4329 810 4376 t.
918 4323 964 4393 11)
984 4328 1008 4391 s.
1028 4330 1052 4384 1.
1071 4331 1145 4382 ure

227 4391 536 4460 munuae
647 4390 964 4459 1enffinne

229 4463 771 4534 14)i.2.1.tu.rr.10.pr.§.t.o.
794 4467 861 4520 tat

358 3825 752 4019 ίζῖπωωωω.

378 3983 455 4020 ..θ

312 3897 355 3950 .1

312 3967 355 4020 ,1

122 4595 124 4600 ,
228 4529 848 4602 memnneaanaowa
