<?xml version="1.0" encoding="UTF-8"?>
<!DOCTYPE html PUBLIC "-//W3C//DTD XHTML 1.0 Transitional//EN"
    "http://www.w3.org/TR/xhtml1/DTD/xhtml1-transitional.dtd">
<html xmlns="http://www.w3.org/1999/xhtml" xml:lang="en" lang="en">
 <head>
  <title>
</title>
<meta http-equiv="Content-Type" content="text/html;charset=utf-8" />
  <meta name='ocr-system' content='tesseract 3.04.00' />
  <meta name='ocr-capabilities' content='ocr_page ocr_carea ocr_par ocr_line ocrx_word'/>
</head>
<body>
  <div class='ocr_page' id='page_1' title='image "./institutionesiu01warngoog_0174.png"; bbox 0 0 3098 4966; ppageno 0'>
   <div class='ocr_carea' id='block_1_1' title="bbox 535 377 1341 434">
    <p class='ocr_par' dir='ltr' id='par_1_1' title="bbox 535 377 1341 434">
     <span class='ocr_line' id='line_1_1' title="bbox 535 377 1341 434; baseline -0.009 -8"><span class='ocrx_word' id='word_1_1' title='bbox 535 389 616 427; x_wconf 78' lang='lat' dir='ltr'><strong>man</strong></span> <span class='ocrx_word' id='word_1_2' title='bbox 628 389 658 429; x_wconf 88' lang='lat' dir='ltr'><strong>rr.</strong></span> <span class='ocrx_word' id='word_1_3' title='bbox 677 387 744 426; x_wconf 76' lang='lat' dir='ltr'><strong>snas</strong></span> <span class='ocrx_word' id='word_1_4' title='bbox 756 387 787 424; x_wconf 89' lang='lat' dir='ltr'><strong>u.</strong></span> <span class='ocrx_word' id='word_1_5' title='bbox 806 385 864 424; x_wconf 78' lang='lat' dir='ltr'><strong>cnr.</strong></span> <span class='ocrx_word' id='word_1_6' title='bbox 877 387 921 424; x_wconf 86' lang='lat' dir='ltr'><strong>ru.</strong></span> <span class='ocrx_word' id='word_1_7' title='bbox 1286 377 1341 434; x_wconf 74' lang='lat'><strong>155</strong></span> 
     </span>
    </p>
   </div>
   <div class='ocr_carea' id='block_1_2' title="bbox 136 515 1396 707">
    <p class='ocr_par' dir='ltr' id='par_1_2' title="bbox 136 515 1396 707">
     <span class='ocr_line' id='line_1_2' title="bbox 136 515 1396 600; baseline 0.002 -18"><span class='ocrx_word' id='word_1_8' title='bbox 136 519 228 582; x_wconf 84' lang='lat' dir='ltr'><strong>civili</strong></span> <span class='ocrx_word' id='word_1_9' title='bbox 249 535 312 581; x_wconf 89' lang='lat' dir='ltr'><strong>uon</strong></span> <span class='ocrx_word' id='word_1_10' title='bbox 333 515 456 580; x_wconf 80' lang='lat' dir='ltr'><strong>valeret</strong></span> <span class='ocrx_word' id='word_1_11' title='bbox 475 522 712 594; x_wconf 86' lang='lat' dir='ltr'><strong>testamentum,</strong></span> <span class='ocrx_word' id='word_1_12' title='bbox 744 516 835 579; x_wconf 80' lang='lat' dir='ltr'><strong>velut</strong></span> <span class='ocrx_word' id='word_1_13' title='bbox 857 516 940 597; x_wconf 89' lang='lat' dir='ltr'><strong>quod</strong></span> <span class='ocrx_word' id='word_1_14' title='bbox 962 517 1077 580; x_wconf 82' lang='lat' dir='ltr'><strong>familia</strong></span> <span class='ocrx_word' id='word_1_15' title='bbox 1101 535 1164 582; x_wconf 90' lang='lat' dir='ltr'><strong>non</strong></span> <span class='ocrx_word' id='word_1_16' title='bbox 1192 523 1340 600; x_wconf 85' lang='lat' dir='ltr'><strong>venierit,</strong></span> <span class='ocrx_word' id='word_1_17' title='bbox 1391 533 1396 543; x_wconf 90' lang='grc'><strong><em>’</em></strong></span> 
     </span>
     <span class='ocr_line' id='line_1_3' title="bbox 137 617 1126 707; baseline 0.002 -28"><span class='ocrx_word' id='word_1_18' title='bbox 137 624 193 680; x_wconf 88' lang='lat' dir='ltr'><strong>aut</strong></span> <span class='ocrx_word' id='word_1_19' title='bbox 214 618 457 697; x_wconf 80' lang='lat' dir='ltr'><strong>nuncupationis</strong></span> <span class='ocrx_word' id='word_1_20' title='bbox 480 619 576 680; x_wconf 85' lang='lat' dir='ltr'><strong>verbu</strong></span> <span class='ocrx_word' id='word_1_21' title='bbox 599 624 731 682; x_wconf 89' lang='lat' dir='ltr'><strong>testator</strong></span> <span class='ocrx_word' id='word_1_22' title='bbox 753 617 877 680; x_wconf 91' lang='lat' dir='ltr'><strong>locutus</strong></span> <span class='ocrx_word' id='word_1_23' title='bbox 901 636 964 681; x_wconf 92' lang='lat' dir='ltr'><strong>non</strong></span> <span class='ocrx_word' id='word_1_24' title='bbox 988 621 1126 707; x_wconf 82' lang='lat' dir='ltr'><strong>esset1).</strong></span> 
     </span>
    </p>
   </div>
   <div class='ocr_carea' id='block_1_3' title="bbox 133 717 1378 2011">
    <p class='ocr_par' dir='ltr' id='par_1_3' title="bbox 133 717 1378 1708">
     <span class='ocr_line' id='line_1_4' title="bbox 181 717 1340 801; baseline 0.004 -22"><span class='ocrx_word' id='word_1_25' title='bbox 181 717 229 780; x_wconf 85' lang='lat' dir='ltr'><strong>Ex</strong></span> <span class='ocrx_word' id='word_1_26' title='bbox 257 733 295 780; x_wconf 92' lang='lat' dir='ltr'><strong>eo</strong></span> <span class='ocrx_word' id='word_1_27' title='bbox 326 723 468 800; x_wconf 87' lang='lat' dir='ltr'><strong>ternpore</strong></span> <span class='ocrx_word' id='word_1_28' title='bbox 492 719 555 782; x_wconf 92' lang='lat' dir='ltr'><strong>duo</strong></span> <span class='ocrx_word' id='word_1_29' title='bbox 578 725 836 782; x_wconf 67' lang='lat' dir='ltr'><strong>testamentorum</strong></span> <span class='ocrx_word' id='word_1_30' title='bbox 860 737 979 801; x_wconf 83' lang='lat' dir='ltr'><strong>genera</strong></span> <span class='ocrx_word' id='word_1_31' title='bbox 1008 723 1041 782; x_wconf 93' lang='lat' dir='ltr'><strong>in</strong></span> <span class='ocrx_word' id='word_1_32' title='bbox 1063 739 1123 784; x_wconf 93' lang='lat' dir='ltr'><strong>usu</strong></span> <span class='ocrx_word' id='word_1_33' title='bbox 1147 723 1255 785; x_wconf 88' lang='lat' dir='ltr'><strong>luere:</strong></span> <span class='ocrx_word' id='word_1_34' title='bbox 1289 723 1340 786; x_wconf 91' lang='lat' dir='ltr'><strong>al-</strong></span> 
     </span>
     <span class='ocr_line' id='line_1_5' title="bbox 137 819 1378 903; baseline 0 -18"><span class='ocrx_word' id='word_1_35' title='bbox 137 827 243 886; x_wconf 83' lang='lat' dir='ltr'><strong>terum</strong></span> <span class='ocrx_word' id='word_1_36' title='bbox 268 819 382 897; x_wconf 87' lang='lat' dir='ltr'><strong>civile,</strong></span> <span class='ocrx_word' id='word_1_37' title='bbox 414 819 498 899; x_wconf 86' lang='lat' dir='ltr'><strong>quud</strong></span> <span class='ocrx_word' id='word_1_38' title='bbox 521 821 661 900; x_wconf 88' lang='lat' dir='ltr'><strong>quinque</strong></span> <span class='ocrx_word' id='word_1_39' title='bbox 685 819 820 881; x_wconf 89' lang='lat' dir='ltr'><strong>testibus</strong></span> <span class='ocrx_word' id='word_1_40' title='bbox 848 821 970 903; x_wconf 77' lang='lat' dir='ltr'><strong>signari</strong></span> <span class='ocrx_word' id='word_1_41' title='bbox 999 820 1127 884; x_wconf 90' lang='lat' dir='ltr'><strong>solitum</strong></span> <span class='ocrx_word' id='word_1_42' title='bbox 1157 829 1242 899; x_wconf 89' lang='lat' dir='ltr'><strong>erat,</strong></span> <span class='ocrx_word' id='word_1_43' title='bbox 1271 839 1340 885; x_wconf 88' lang='lat' dir='ltr'><strong>cum</strong></span> <span class='ocrx_word' id='word_1_44' title='bbox 1375 824 1378 830; x_wconf 85' lang='lat'>&#39;</span> 
     </span>
     <span class='ocr_line' id='line_1_6' title="bbox 135 919 1340 1004; baseline -0.001 -17"><span class='ocrx_word' id='word_1_45' title='bbox 135 922 263 988; x_wconf 77' lang='lat' dir='ltr'><strong>solenni</strong></span> <span class='ocrx_word' id='word_1_46' title='bbox 285 922 519 1000; x_wconf 73' lang='lat' dir='ltr'><strong>nuncupatione</strong></span> <span class='ocrx_word' id='word_1_47' title='bbox 538 926 570 982; x_wconf 89' lang='lat' dir='ltr'><strong>et</strong></span> <span class='ocrx_word' id='word_1_48' title='bbox 590 919 715 983; x_wconf 82' lang='lat' dir='ltr'><strong>lumiliae</strong></span> <span class='ocrx_word' id='word_1_49' title='bbox 737 921 983 1002; x_wconf 90' lang='lat' dir='ltr'><strong>mancipatione;</strong></span> <span class='ocrx_word' id='word_1_50' title='bbox 1006 922 1137 984; x_wconf 86' lang='lat' dir='ltr'><strong>alterum</strong></span> <span class='ocrx_word' id='word_1_51' title='bbox 1161 924 1340 1004; x_wconf 75' lang='lat' dir='ltr'><strong>pretorium</strong></span> 
     </span>
     <span class='ocr_line' id='line_1_7' title="bbox 134 1021 1340 1106; baseline -0.004 -16"><span class='ocrx_word' id='word_1_52' title='bbox 134 1031 297 1106; x_wconf 83' lang='lat' dir='ltr'><strong>ascptcm</strong></span> <span class='ocrx_word' id='word_1_53' title='bbox 319 1021 455 1084; x_wconf 84' lang='lat' dir='ltr'><strong>testibus</strong></span> <span class='ocrx_word' id='word_1_54' title='bbox 478 1021 652 1102; x_wconf 79' lang='lat' dir='ltr'><strong>signatum:</strong></span> <span class='ocrx_word' id='word_1_55' title='bbox 686 1021 788 1083; x_wconf 91' lang='lat' dir='ltr'><strong>donec</strong></span> <span class='ocrx_word' id='word_1_56' title='bbox 816 1024 848 1083; x_wconf 96' lang='lat' dir='ltr'><strong>in</strong></span> <span class='ocrx_word' id='word_1_57' title='bbox 880 1021 1120 1084; x_wconf 83' lang='lat' dir='ltr'><strong>desuetudinem</strong></span> <span class='ocrx_word' id='word_1_58' title='bbox 1151 1023 1340 1085; x_wconf 89' lang='lat' dir='ltr'><strong>abeuntibus</strong></span> 
     </span>
     <span class='ocr_line' id='line_1_8' title="bbox 135 1121 1341 1205; baseline -0.002 -17"><span class='ocrx_word' id='word_1_59' title='bbox 135 1125 372 1205; x_wconf 75' lang='lat' dir='ltr'><strong>nuncupatione</strong></span> <span class='ocrx_word' id='word_1_60' title='bbox 400 1126 432 1182; x_wconf 92' lang='lat' dir='ltr'><strong>et</strong></span> <span class='ocrx_word' id='word_1_61' title='bbox 453 1121 700 1200; x_wconf 75' lang='lat' dir='ltr'><strong>mancipatione,</strong></span> <span class='ocrx_word' id='word_1_62' title='bbox 732 1123 764 1184; x_wconf 93' lang='lat' dir='ltr'><strong>in</strong></span> <span class='ocrx_word' id='word_1_63' title='bbox 793 1138 884 1183; x_wconf 88' lang='lat' dir='ltr'><strong>unam</strong></span> <span class='ocrx_word' id='word_1_64' title='bbox 907 1122 1036 1184; x_wconf 84' lang='lat' dir='ltr'><strong>sormam</strong></span> <span class='ocrx_word' id='word_1_65' title='bbox 1066 1127 1233 1203; x_wconf 88' lang='lat' dir='ltr'><strong>utrumque</strong></span> <span class='ocrx_word' id='word_1_66' title='bbox 1260 1141 1341 1186; x_wconf 92' lang='lat' dir='ltr'><strong>con-</strong></span> 
     </span>
     <span class='ocr_line' id='line_1_9' title="bbox 134 1219 1341 1307; baseline -0.002 -20"><span class='ocrx_word' id='word_1_67' title='bbox 134 1225 227 1307; x_wconf 82' lang='lat' dir='ltr'><strong>iungi</strong></span> <span class='ocrx_word' id='word_1_68' title='bbox 252 1220 435 1306; x_wconf 66' lang='lat' dir='ltr'><strong>emperitl).</strong></span> <span class='ocrx_word' id='word_1_69' title='bbox 479 1219 553 1282; x_wconf 83' lang='lat' dir='ltr'><strong>Haec</strong></span> <span class='ocrx_word' id='word_1_70' title='bbox 573 1239 614 1282; x_wconf 86' lang='lat' dir='ltr'><strong>ex</strong></span> <span class='ocrx_word' id='word_1_71' title='bbox 635 1222 813 1301; x_wconf 91' lang='lat' dir='ltr'><strong>principum</strong></span> <span class='ocrx_word' id='word_1_72' title='bbox 840 1223 1117 1284; x_wconf 85' lang='lat' dir='ltr'><strong>constitutionibus</strong></span> <span class='ocrx_word' id='word_1_73' title='bbox 1139 1223 1172 1284; x_wconf 96' lang='lat' dir='ltr'><strong>in</strong></span> <span class='ocrx_word' id='word_1_74' title='bbox 1199 1241 1238 1285; x_wconf 92' lang='lat' dir='ltr'><strong>eo</strong></span> <span class='ocrx_word' id='word_1_75' title='bbox 1259 1241 1341 1286; x_wconf 89' lang='lat' dir='ltr'><strong>con-</strong></span> 
     </span>
     <span class='ocr_line' id='line_1_10' title="bbox 135 1321 1340 1403; baseline -0.002 -14"><span class='ocrx_word' id='word_1_76' title='bbox 135 1325 289 1389; x_wconf 85' lang='lat' dir='ltr'><strong>sistebat:</strong></span> <span class='ocrx_word' id='word_1_77' title='bbox 323 1329 358 1384; x_wconf 92' lang='lat' dir='ltr'><strong>ut</strong></span> <span class='ocrx_word' id='word_1_78' title='bbox 378 1323 529 1403; x_wconf 91' lang='lat' dir='ltr'><strong>scripturn</strong></span> <span class='ocrx_word' id='word_1_79' title='bbox 556 1323 699 1384; x_wconf 90' lang='lat' dir='ltr'><strong>testantis</strong></span> <span class='ocrx_word' id='word_1_80' title='bbox 722 1340 785 1384; x_wconf 90' lang='lat' dir='ltr'><strong>non</strong></span> <span class='ocrx_word' id='word_1_81' title='bbox 809 1321 911 1384; x_wconf 90' lang='lat' dir='ltr'><strong>solum</strong></span> <span class='ocrx_word' id='word_1_82' title='bbox 940 1325 1130 1386; x_wconf 90' lang='lat' dir='ltr'><strong>intrinsecus</strong></span> <span class='ocrx_word' id='word_1_83' title='bbox 1160 1341 1177 1386; x_wconf 88' lang='lat' dir='ltr'><strong>a</strong></span> <span class='ocrx_word' id='word_1_84' title='bbox 1206 1323 1340 1386; x_wconf 87' lang='lat' dir='ltr'><strong>testibus</strong></span> 
     </span>
     <span class='ocr_line' id='line_1_11' title="bbox 134 1424 1339 1503; baseline -0.002 -15"><span class='ocrx_word' id='word_1_85' title='bbox 134 1427 404 1503; x_wconf 86' lang='lat' dir='ltr'><strong>subscriberetur,</strong></span> <span class='ocrx_word' id='word_1_86' title='bbox 426 1443 537 1490; x_wconf 87' lang='lat' dir='ltr'><strong>verum</strong></span> <span class='ocrx_word' id='word_1_87' title='bbox 561 1427 655 1488; x_wconf 83' lang='lat' dir='ltr'><strong>etium</strong></span> <span class='ocrx_word' id='word_1_88' title='bbox 678 1426 818 1488; x_wconf 82' lang='lat' dir='ltr'><strong>clausum</strong></span> <span class='ocrx_word' id='word_1_89' title='bbox 840 1427 873 1488; x_wconf 95' lang='lat' dir='ltr'><strong>in</strong></span> <span class='ocrx_word' id='word_1_90' title='bbox 903 1424 1001 1488; x_wconf 91' lang='lat' dir='ltr'><strong>linteo</strong></span> <span class='ocrx_word' id='word_1_91' title='bbox 1025 1425 1077 1487; x_wconf 83' lang='lat' dir='ltr'><strong>vel</strong></span> <span class='ocrx_word' id='word_1_92' title='bbox 1101 1425 1278 1487; x_wconf 89' lang='lat' dir='ltr'><strong>involucris</strong></span> <span class='ocrx_word' id='word_1_93' title='bbox 1301 1425 1339 1487; x_wconf 95' lang='lat' dir='ltr'><strong>ab</strong></span> 
     </span>
     <span class='ocr_line' id='line_1_12' title="bbox 134 1523 1340 1609; baseline -0.002 -18"><span class='ocrx_word' id='word_1_94' title='bbox 134 1530 176 1591; x_wconf 85' lang='lat' dir='ltr'><strong>iis</strong></span> <span class='ocrx_word' id='word_1_95' title='bbox 206 1529 406 1609; x_wconf 84' lang='lat' dir='ltr'><strong>signaretur,</strong></span> <span class='ocrx_word' id='word_1_96' title='bbox 440 1532 472 1587; x_wconf 90' lang='lat' dir='ltr'><strong>et</strong></span> <span class='ocrx_word' id='word_1_97' title='bbox 501 1525 812 1606; x_wconf 89' lang='lat' dir='ltr'><strong>superscriberetur,</strong></span> <span class='ocrx_word' id='word_1_98' title='bbox 846 1523 960 1586; x_wconf 86' lang='lat' dir='ltr'><strong>additis</strong></span> <span class='ocrx_word' id='word_1_99' title='bbox 989 1523 1186 1606; x_wconf 82' lang='lat' dir='ltr'><strong>singulorum</strong></span> <span class='ocrx_word' id='word_1_100' title='bbox 1213 1527 1340 1588; x_wconf 88' lang='lat' dir='ltr'><strong>testium</strong></span> 
     </span>
     <span class='ocr_line' id='line_1_13' title="bbox 133 1626 831 1708; baseline -0.007 -18"><span class='ocrx_word' id='word_1_101' title='bbox 133 1627 312 1690; x_wconf 90' lang='lat' dir='ltr'><strong>nominibus</strong></span> <span class='ocrx_word' id='word_1_102' title='bbox 337 1628 587 1707; x_wconf 89' lang='lat' dir='ltr'><strong>uniuscuiusque</strong></span> <span class='ocrx_word' id='word_1_103' title='bbox 611 1626 777 1708; x_wconf 84' lang='lat' dir='ltr'><strong>signaculo</strong></span> <span class='ocrx_word' id='word_1_104' title='bbox 791 1626 831 1708; x_wconf 75' lang='lat'><strong>⁸).</strong></span> 
     </span>
    </p>

    <p class='ocr_par' dir='ltr' id='par_1_4' title="bbox 133 1725 1340 2011">
     <span class='ocr_line' id='line_1_14' title="bbox 180 1725 1340 1811; baseline -0.004 -17"><span class='ocrx_word' id='word_1_105' title='bbox 180 1728 296 1811; x_wconf 61' lang='lat' dir='ltr'><strong>§.54st</strong></span> <span class='ocrx_word' id='word_1_106' title='bbox 339 1727 528 1790; x_wconf 85' lang='lat' dir='ltr'><strong>Novissimis</strong></span> <span class='ocrx_word' id='word_1_107' title='bbox 559 1727 752 1808; x_wconf 88' lang='lat' dir='ltr'><strong>temporibus</strong></span> <span class='ocrx_word' id='word_1_108' title='bbox 788 1731 941 1806; x_wconf 75' lang='lat' dir='ltr'><strong>preterea</strong></span> <span class='ocrx_word' id='word_1_109' title='bbox 971 1725 1040 1787; x_wconf 74' lang='lat' dir='ltr'><strong>alite</strong></span> <span class='ocrx_word' id='word_1_110' title='bbox 1068 1725 1204 1788; x_wconf 77' lang='lat' dir='ltr'><strong>testandi</strong></span> <span class='ocrx_word' id='word_1_111' title='bbox 1232 1726 1340 1789; x_wconf 83' lang='lat' dir='ltr'><strong>formae</strong></span> 
     </span>
     <span class='ocr_line' id='line_1_15' title="bbox 133 1825 1338 1910; baseline -0.001 -18"><span class='ocrx_word' id='word_1_112' title='bbox 133 1830 168 1892; x_wconf 88' lang='lat' dir='ltr'><strong>in</strong></span> <span class='ocrx_word' id='word_1_113' title='bbox 190 1845 252 1891; x_wconf 91' lang='lat' dir='ltr'><strong>usu</strong></span> <span class='ocrx_word' id='word_1_114' title='bbox 274 1846 347 1892; x_wconf 88' lang='lat' dir='ltr'><strong>csse</strong></span> <span class='ocrx_word' id='word_1_115' title='bbox 371 1835 548 1908; x_wconf 68' lang='lat' dir='ltr'><strong>coeperunt,</strong></span> <span class='ocrx_word' id='word_1_116' title='bbox 572 1830 717 1889; x_wconf 93' lang='lat' dir='ltr'><strong>nimirum</strong></span> <span class='ocrx_word' id='word_1_117' title='bbox 731 1845 789 1907; x_wconf 94' lang='lat' dir='ltr'><strong>per</strong></span> <span class='ocrx_word' id='word_1_118' title='bbox 808 1827 1050 1888; x_wconf 82' lang='lat' dir='ltr'><strong>insinuationem</strong></span> <span class='ocrx_word' id='word_1_119' title='bbox 1062 1825 1145 1906; x_wconf 87' lang='lat' dir='ltr'><strong>apud</strong></span> <span class='ocrx_word' id='word_1_120' title='bbox 1167 1829 1338 1910; x_wconf 84' lang='lat' dir='ltr'><strong>magistra-</strong></span> 
     </span>
     <span class='ocr_line' id='line_1_16' title="bbox 133 1925 1340 2011; baseline 0 -20"><span class='ocrx_word' id='word_1_121' title='bbox 133 1935 198 2006; x_wconf 87' lang='lat' dir='ltr'><strong>tus,</strong></span> <span class='ocrx_word' id='word_1_122' title='bbox 222 1930 275 1992; x_wconf 85' lang='lat' dir='ltr'><strong>vel</strong></span> <span class='ocrx_word' id='word_1_123' title='bbox 298 1947 358 2011; x_wconf 88' lang='lat' dir='ltr'><strong>per</strong></span> <span class='ocrx_word' id='word_1_124' title='bbox 379 1928 569 1992; x_wconf 85' lang='lat' dir='ltr'><strong>oblationem</strong></span> <span class='ocrx_word' id='word_1_125' title='bbox 599 1929 776 1990; x_wconf 88' lang='lat' dir='ltr'><strong>testamenti</strong></span> <span class='ocrx_word' id='word_1_126' title='bbox 804 1927 938 2007; x_wconf 91' lang='lat' dir='ltr'><strong>principi</strong></span> <span class='ocrx_word' id='word_1_127' title='bbox 973 1925 1103 1988; x_wconf 83' lang='lat' dir='ltr'><strong>iactam:</strong></span> <span class='ocrx_word' id='word_1_128' title='bbox 1136 1945 1206 2007; x_wconf 76' lang='lat' dir='ltr'><strong>quae</strong></span> <span class='ocrx_word' id='word_1_129' title='bbox 1237 1935 1340 1992; x_wconf 86' lang='lat' dir='ltr'><strong>testa-</strong></span> 
     </span>
    </p>
   </div>
   <div class='ocr_carea' id='block_1_4' title="bbox 132 2025 1452 2107">
    <p class='ocr_par' dir='ltr' id='par_1_5' title="bbox 132 2025 1452 2107">
     <span class='ocr_line' id='line_1_17' title="bbox 132 2025 1452 2107; baseline 0 -14"><span class='ocrx_word' id='word_1_130' title='bbox 132 2036 237 2094; x_wconf 86' lang='lat' dir='ltr'><strong>menta</strong></span> <span class='ocrx_word' id='word_1_131' title='bbox 270 2029 419 2092; x_wconf 86' lang='lat' dir='ltr'><strong>hodierni</strong></span> <span class='ocrx_word' id='word_1_132' title='bbox 445 2033 629 2092; x_wconf 79' lang='lat' dir='ltr'><strong>testamenta</strong></span> <span class='ocrx_word' id='word_1_133' title='bbox 658 2026 782 2106; x_wconf 79' lang='lat' dir='ltr'><strong>publica</strong></span> <span class='ocrx_word' id='word_1_134' title='bbox 802 2025 965 2107; x_wconf 87' lang='lat' dir='ltr'><strong>appellare</strong></span> <span class='ocrx_word' id='word_1_135' title='bbox 988 2032 1020 2088; x_wconf 91' lang='lat' dir='ltr'><strong>et</strong></span> <span class='ocrx_word' id='word_1_136' title='bbox 1042 2045 1059 2088; x_wconf 92' lang='lat' dir='ltr'><strong>a</strong></span> <span class='ocrx_word' id='word_1_137' title='bbox 1081 2027 1231 2106; x_wconf 79' lang='lat' dir='ltr'><strong>priuatis,</strong></span> <span class='ocrx_word' id='word_1_138' title='bbox 1263 2032 1284 2092; x_wconf 94' lang='lat' dir='ltr'><strong>i.</strong></span> <span class='ocrx_word' id='word_1_139' title='bbox 1309 2049 1337 2093; x_wconf 92' lang='lat' dir='ltr'><strong>e.</strong></span> <span class='ocrx_word' id='word_1_140' title='bbox 1446 2091 1452 2098; x_wconf 82' lang='lat'><strong>‚</strong></span> 
     </span>
    </p>
   </div>
   <div class='ocr_carea' id='block_1_5' title="bbox 129 2126 1338 3522">
    <p class='ocr_par' dir='ltr' id='par_1_6' title="bbox 129 2126 1337 2512">
     <span class='ocr_line' id='line_1_18' title="bbox 131 2126 1337 2212; baseline 0.002 -19"><span class='ocrx_word' id='word_1_141' title='bbox 131 2149 238 2194; x_wconf 81' lang='lat' dir='ltr'><strong>coram</strong></span> <span class='ocrx_word' id='word_1_142' title='bbox 261 2132 392 2212; x_wconf 87' lang='lat' dir='ltr'><strong>privatis</strong></span> <span class='ocrx_word' id='word_1_143' title='bbox 414 2130 594 2206; x_wconf 81' lang='lat' dir='ltr'><strong>celebratis,</strong></span> <span class='ocrx_word' id='word_1_144' title='bbox 617 2129 815 2212; x_wconf 82' lang='lat' dir='ltr'><strong>distinguere</strong></span> <span class='ocrx_word' id='word_1_145' title='bbox 832 2126 946 2190; x_wconf 89' lang='lat' dir='ltr'><strong>solent.</strong></span> <span class='ocrx_word' id='word_1_146' title='bbox 991 2126 1136 2208; x_wconf 90' lang='lat' dir='ltr'><strong>Denique</strong></span> <span class='ocrx_word' id='word_1_147' title='bbox 1149 2130 1337 2195; x_wconf 84' lang='lat' dir='ltr'><strong>admonendi</strong></span> 
     </span>
     <span class='ocr_line' id='line_1_19' title="bbox 131 2227 1336 2315; baseline -0.001 -21"><span class='ocrx_word' id='word_1_148' title='bbox 131 2247 253 2308; x_wconf 88' lang='lat' dir='ltr'><strong>sumus,</strong></span> <span class='ocrx_word' id='word_1_149' title='bbox 275 2231 422 2315; x_wconf 80' lang='lat' dir='ltr'><strong>vulgaria</strong></span> <span class='ocrx_word' id='word_1_150' title='bbox 438 2237 696 2294; x_wconf 84' lang='lat' dir='ltr'><strong>testamentorum</strong></span> <span class='ocrx_word' id='word_1_151' title='bbox 708 2229 853 2292; x_wconf 86' lang='lat' dir='ltr'><strong>solennia</strong></span> <span class='ocrx_word' id='word_1_152' title='bbox 872 2227 1060 2306; x_wconf 82' lang='lat' dir='ltr'><strong>quibusdam</strong></span> <span class='ocrx_word' id='word_1_153' title='bbox 1071 2229 1103 2288; x_wconf 94' lang='lat' dir='ltr'><strong>in</strong></span> <span class='ocrx_word' id='word_1_154' title='bbox 1114 2231 1219 2293; x_wconf 91' lang='lat' dir='ltr'><strong>causis</strong></span> <span class='ocrx_word' id='word_1_155' title='bbox 1232 2237 1336 2308; x_wconf 84' lang='lat' dir='ltr'><strong>aucta,</strong></span> 
     </span>
     <span class='ocr_line' id='line_1_20' title="bbox 132 2327 1337 2410; baseline 0.001 -18"><span class='ocrx_word' id='word_1_156' title='bbox 132 2332 166 2392; x_wconf 90' lang='lat' dir='ltr'><strong>iu</strong></span> <span class='ocrx_word' id='word_1_157' title='bbox 189 2330 374 2410; x_wconf 84' lang='lat' dir='ltr'><strong>quibusdem</strong></span> <span class='ocrx_word' id='word_1_158' title='bbox 397 2331 514 2392; x_wconf 86' lang='lat' dir='ltr'><strong>minuta</strong></span> <span class='ocrx_word' id='word_1_159' title='bbox 538 2346 627 2392; x_wconf 75' lang='lat' dir='ltr'><strong>esser</strong></span> <span class='ocrx_word' id='word_1_160' title='bbox 659 2330 772 2408; x_wconf 87' lang='lat' dir='ltr'><strong>quibus</strong></span> <span class='ocrx_word' id='word_1_161' title='bbox 793 2331 826 2392; x_wconf 93' lang='lat' dir='ltr'><strong>in</strong></span> <span class='ocrx_word' id='word_1_162' title='bbox 849 2327 975 2390; x_wconf 87' lang='lat' dir='ltr'><strong>casibus</strong></span> <span class='ocrx_word' id='word_1_163' title='bbox 999 2333 1180 2390; x_wconf 81' lang='lat' dir='ltr'><strong>testamenta</strong></span> <span class='ocrx_word' id='word_1_164' title='bbox 1204 2331 1337 2410; x_wconf 81' lang='lat' dir='ltr'><strong>priuile-</strong></span> 
     </span>
     <span class='ocr_line' id='line_1_21' title="bbox 129 2430 672 2512; baseline -0.004 -22"><span class='ocrx_word' id='word_1_165' title='bbox 129 2430 217 2510; x_wconf 62' lang='lat' dir='ltr'><strong>p&#39;utu</strong></span> <span class='ocrx_word' id='word_1_166' title='bbox 240 2430 401 2512; x_wconf 80' lang='lat' dir='ltr'><strong>appellare</strong></span> <span class='ocrx_word' id='word_1_167' title='bbox 423 2433 672 2492; x_wconf 89' lang='lat' dir='ltr'><strong>consueverunt.</strong></span> 
     </span>
    </p>

    <p class='ocr_par' dir='ltr' id='par_1_7' title="bbox 129 2527 1338 3120">
     <span class='ocr_line' id='line_1_22' title="bbox 181 2527 1338 2614; baseline -0.004 -17"><span class='ocrx_word' id='word_1_168' title='bbox 181 2534 211 2614; x_wconf 77' lang='lat'><strong>§-</strong></span> <span class='ocrx_word' id='word_1_169' title='bbox 224 2532 297 2598; x_wconf 77' lang='lat'>541.</span> <span class='ocrx_word' id='word_1_170' title='bbox 343 2531 540 2595; x_wconf 80' lang='lat' dir='ltr'><strong>Testamenta</strong></span> <span class='ocrx_word' id='word_1_171' title='bbox 573 2533 672 2614; x_wconf 82' lang='lat' dir='ltr'><strong>igitur</strong></span> <span class='ocrx_word' id='word_1_172' title='bbox 693 2530 731 2593; x_wconf 89' lang='lat' dir='ltr'><strong>ab</strong></span> <span class='ocrx_word' id='word_1_173' title='bbox 759 2527 922 2592; x_wconf 87' lang='lat' dir='ltr'><strong>hodiernis</strong></span> <span class='ocrx_word' id='word_1_174' title='bbox 952 2530 985 2591; x_wconf 91' lang='lat' dir='ltr'><strong>in</strong></span> <span class='ocrx_word' id='word_1_175' title='bbox 1015 2528 1141 2610; x_wconf 84' lang='lat' dir='ltr'><strong>publica</strong></span> <span class='ocrx_word' id='word_1_176' title='bbox 1163 2535 1195 2591; x_wconf 90' lang='lat' dir='ltr'><strong>et</strong></span> <span class='ocrx_word' id='word_1_177' title='bbox 1216 2531 1338 2611; x_wconf 82' lang='lat' dir='ltr'><strong>privata</strong></span> 
     </span>
     <span class='ocr_line' id='line_1_23' title="bbox 132 2629 1338 2715; baseline -0.002 -21"><span class='ocrx_word' id='word_1_178' title='bbox 132 2631 382 2715; x_wconf 81' lang='lat' dir='ltr'><strong>distinguuntur.</strong></span> <span class='ocrx_word' id='word_1_179' title='bbox 428 2632 556 2695; x_wconf 92' lang='lat' dir='ltr'><strong>lllorum</strong></span> <span class='ocrx_word' id='word_1_180' title='bbox 578 2649 713 2694; x_wconf 89' lang='lat' dir='ltr'><strong>numero</strong></span> <span class='ocrx_word' id='word_1_181' title='bbox 736 2637 811 2701; x_wconf 81' lang='lat' dir='ltr'><strong>sunt</strong></span> <span class='ocrx_word' id='word_1_182' title='bbox 839 2635 1058 2692; x_wconf 89' lang='lat' dir='ltr'><strong>testamentum</strong></span> <span class='ocrx_word' id='word_1_183' title='bbox 1088 2631 1223 2711; x_wconf 94' lang='lat' dir='ltr'><strong>principi</strong></span> <span class='ocrx_word' id='word_1_184' title='bbox 1245 2629 1338 2692; x_wconf 86' lang='lat' dir='ltr'><strong>obla-</strong></span> 
     </span>
     <span class='ocr_line' id='line_1_24' title="bbox 131 2730 1336 2814; baseline -0.002 -20"><span class='ocrx_word' id='word_1_185' title='bbox 131 2738 197 2794; x_wconf 85' lang='lat' dir='ltr'><strong>tum</strong></span> <span class='ocrx_word' id='word_1_186' title='bbox 219 2733 272 2795; x_wconf 82' lang='lat' dir='ltr'><strong>rel</strong></span> <span class='ocrx_word' id='word_1_187' title='bbox 293 2733 424 2795; x_wconf 84' lang='lat' dir='ltr'><strong>nuribus</strong></span> <span class='ocrx_word' id='word_1_188' title='bbox 447 2735 599 2814; x_wconf 87' lang='lat' dir='ltr'><strong>principis</strong></span> <span class='ocrx_word' id='word_1_189' title='bbox 624 2734 808 2808; x_wconf 86' lang='lat' dir='ltr'><strong>intimatum,</strong></span> <span class='ocrx_word' id='word_1_190' title='bbox 830 2736 1093 2794; x_wconf 83' lang='lat' dir='ltr'><strong>ettestnmentum</strong></span> <span class='ocrx_word' id='word_1_191' title='bbox 1120 2731 1198 2792; x_wconf 85' lang='lat' dir='ltr'><strong>actis</strong></span> <span class='ocrx_word' id='word_1_192' title='bbox 1219 2730 1336 2794; x_wconf 88' lang='lat' dir='ltr'><strong>iudicis</strong></span> 
     </span>
     <span class='ocr_line' id='line_1_25' title="bbox 132 2831 1336 2920; baseline 0 -26"><span class='ocrx_word' id='word_1_193' title='bbox 132 2831 190 2895; x_wconf 84' lang='lat' dir='ltr'><strong>vel</strong></span> <span class='ocrx_word' id='word_1_194' title='bbox 208 2835 399 2915; x_wconf 90' lang='lat' dir='ltr'><strong>municipum</strong></span> <span class='ocrx_word' id='word_1_195' title='bbox 427 2835 619 2916; x_wconf 89' lang='lat' dir='ltr'><strong>publicatum</strong></span> <span class='ocrx_word' id='word_1_196' title='bbox 641 2835 866 2920; x_wconf 81' lang='lat' dir='ltr'><strong>(testamcutum</strong></span> <span class='ocrx_word' id='word_1_197' title='bbox 883 2832 1173 2912; x_wconf 78' lang='lat' dir='ltr'><strong>uotismupt&#39;strutuc</strong></span> <span class='ocrx_word' id='word_1_198' title='bbox 1192 2833 1336 2896; x_wconf 79' lang='lat' dir='ltr'><strong>insinua-</strong></span> 
     </span>
     <span class='ocr_line' id='line_1_26' title="bbox 131 2934 1335 3021; baseline 0.002 -26"><span class='ocrx_word' id='word_1_199' title='bbox 131 2941 194 2996; x_wconf 85' lang='lat' dir='ltr'><strong>tum</strong></span> <span class='ocrx_word' id='word_1_200' title='bbox 215 2952 269 2995; x_wconf 76' lang='lat' dir='ltr'><strong>scu</strong></span> <span class='ocrx_word' id='word_1_201' title='bbox 291 2934 458 3021; x_wconf 75' lang='lat' dir='ltr'><strong>iudiciale).</strong></span> <span class='ocrx_word' id='word_1_202' title='bbox 482 2935 655 3014; x_wconf 85' lang='lat' dir='ltr'><strong>Utrumque</strong></span> <span class='ocrx_word' id='word_1_203' title='bbox 677 2934 771 2996; x_wconf 89' lang='lat' dir='ltr'><strong>huius</strong></span> <span class='ocrx_word' id='word_1_204' title='bbox 781 2935 958 2996; x_wconf 85' lang='lat' dir='ltr'><strong>testamenti</strong></span> <span class='ocrx_word' id='word_1_205' title='bbox 980 2951 1094 3016; x_wconf 84' lang='lat' dir='ltr'><strong>genus,</strong></span> <span class='ocrx_word' id='word_1_206' title='bbox 1117 2939 1233 3014; x_wconf 79' lang='lat' dir='ltr'><strong>preter</strong></span> <span class='ocrx_word' id='word_1_207' title='bbox 1254 2934 1335 2998; x_wconf 91' lang='lat' dir='ltr'><strong>hanc</strong></span> 
     </span>
     <span class='ocr_line' id='line_1_27' title="bbox 129 3032 1154 3120; baseline -0.005 -22"><span class='ocrx_word' id='word_1_208' title='bbox 129 3036 288 3118; x_wconf 82' lang='lat' dir='ltr'><strong>publicam</strong></span> <span class='ocrx_word' id='word_1_209' title='bbox 309 3035 449 3112; x_wconf 86' lang='lat' dir='ltr'><strong>formam,</strong></span> <span class='ocrx_word' id='word_1_210' title='bbox 466 3033 569 3097; x_wconf 86' lang='lat' dir='ltr'><strong>nullas</strong></span> <span class='ocrx_word' id='word_1_211' title='bbox 590 3033 667 3097; x_wconf 91' lang='lat' dir='ltr'><strong>alias</strong></span> <span class='ocrx_word' id='word_1_212' title='bbox 690 3034 751 3096; x_wconf 91' lang='lat' dir='ltr'><strong>sibi</strong></span> <span class='ocrx_word' id='word_1_213' title='bbox 773 3035 876 3115; x_wconf 87' lang='lat' dir='ltr'><strong>poscit</strong></span> <span class='ocrx_word' id='word_1_214' title='bbox 897 3034 1103 3096; x_wconf 88' lang='lat' dir='ltr'><strong>solennitates</strong></span> <span class='ocrx_word' id='word_1_215' title='bbox 1114 3032 1154 3120; x_wconf 81' lang='lat'><strong>⁴).</strong></span> 
     </span>
    </p>

    <p class='ocr_par' dir='ltr' id='par_1_8' title="bbox 130 3133 1335 3522">
     <span class='ocr_line' id='line_1_28' title="bbox 173 3133 1333 3219; baseline -0.005 -17"><span class='ocrx_word' id='word_1_216' title='bbox 173 3136 286 3219; x_wconf 69' lang='lat' dir='ltr'><strong>§.clu</strong></span> <span class='ocrx_word' id='word_1_217' title='bbox 330 3135 597 3198; x_wconf 83' lang='lat' dir='ltr'><strong>Testameutorum</strong></span> <span class='ocrx_word' id='word_1_218' title='bbox 621 3141 724 3198; x_wconf 84' lang='lat' dir='ltr'><strong>nutem</strong></span> <span class='ocrx_word' id='word_1_219' title='bbox 745 3137 866 3215; x_wconf 86' lang='lat' dir='ltr'><strong>privata</strong></span> <span class='ocrx_word' id='word_1_220' title='bbox 887 3135 1074 3197; x_wconf 82' lang='lat' dir='ltr'><strong>auctoritate</strong></span> <span class='ocrx_word' id='word_1_221' title='bbox 1098 3133 1333 3197; x_wconf 89' lang='lat' dir='ltr'><strong>condendorum</strong></span> 
     </span>
     <span class='ocr_line' id='line_1_29' title="bbox 130 3234 1333 3316; baseline -0.003 -16"><span class='ocrx_word' id='word_1_222' title='bbox 130 3237 274 3300; x_wconf 86' lang='lat' dir='ltr'><strong>solennia</strong></span> <span class='ocrx_word' id='word_1_223' title='bbox 296 3235 362 3298; x_wconf 73' lang='lat' dir='ltr'><strong>lucc</strong></span> <span class='ocrx_word' id='word_1_224' title='bbox 384 3242 468 3312; x_wconf 87' lang='lat' dir='ltr'><strong>sunt,</strong></span> <span class='ocrx_word' id='word_1_225' title='bbox 491 3242 527 3296; x_wconf 93' lang='lat' dir='ltr'><strong>ut</strong></span> <span class='ocrx_word' id='word_1_226' title='bbox 546 3253 650 3298; x_wconf 82' lang='lat' dir='ltr'><strong>coram</strong></span> <span class='ocrx_word' id='word_1_227' title='bbox 672 3241 792 3316; x_wconf 87' lang='lat' dir='ltr'><strong>septem</strong></span> <span class='ocrx_word' id='word_1_228' title='bbox 815 3235 961 3310; x_wconf 83' lang='lat' dir='ltr'><strong>testibus,</strong></span> <span class='ocrx_word' id='word_1_229' title='bbox 986 3234 1134 3297; x_wconf 87' lang='lat' dir='ltr'><strong>voluntas</strong></span> <span class='ocrx_word' id='word_1_230' title='bbox 1160 3234 1333 3310; x_wconf 79' lang='lat' dir='ltr'><strong>testatoris,</strong></span> 
     </span>
     <span class='ocr_line' id='line_1_30' title="bbox 130 3334 1335 3423; baseline -0.003 -23"><span class='ocrx_word' id='word_1_231' title='bbox 130 3338 271 3418; x_wconf 81' lang='lat' dir='ltr'><strong>scriptis,</strong></span> <span class='ocrx_word' id='word_1_232' title='bbox 293 3336 346 3398; x_wconf 85' lang='lat' dir='ltr'><strong>vel</strong></span> <span class='ocrx_word' id='word_1_233' title='bbox 366 3339 438 3399; x_wconf 89' lang='lat' dir='ltr'><strong>sine</strong></span> <span class='ocrx_word' id='word_1_234' title='bbox 461 3335 788 3417; x_wconf 86' lang='lat' dir='ltr'><strong>scriptis&#39;deolaretur</strong></span> <span class='ocrx_word' id='word_1_235' title='bbox 804 3335 843 3423; x_wconf 80' lang='lat'><strong>⁵).</strong></span> <span class='ocrx_word' id='word_1_236' title='bbox 887 3334 924 3396; x_wconf 88' lang='lat' dir='ltr'><strong>lli</strong></span> <span class='ocrx_word' id='word_1_237' title='bbox 945 3340 1043 3396; x_wconf 90' lang='lat' dir='ltr'><strong>testes</strong></span> <span class='ocrx_word' id='word_1_238' title='bbox 1066 3334 1246 3415; x_wconf 90' lang='lat' dir='ltr'><strong>specialiter</strong></span> <span class='ocrx_word' id='word_1_239' title='bbox 1277 3352 1335 3396; x_wconf 87' lang='lat' dir='ltr'><strong>ro-</strong></span> 
     </span>
     <span class='ocr_line' id='line_1_31' title="bbox 132 3434 1333 3522; baseline -0.003 -22"><span class='ocrx_word' id='word_1_240' title='bbox 132 3440 211 3522; x_wconf 79' lang='lat' dir='ltr'><strong>gati,</strong></span> <span class='ocrx_word' id='word_1_241' title='bbox 234 3439 264 3500; x_wconf 84' lang='lat' dir='ltr'><strong>h.</strong></span> <span class='ocrx_word' id='word_1_242' title='bbox 288 3456 317 3500; x_wconf 90' lang='lat' dir='ltr'><strong>e.</strong></span> <span class='ocrx_word' id='word_1_243' title='bbox 342 3437 382 3499; x_wconf 86' lang='lat' dir='ltr'><strong>ad</strong></span> <span class='ocrx_word' id='word_1_244' title='bbox 404 3437 488 3499; x_wconf 89' lang='lat' dir='ltr'><strong>bunc</strong></span> <span class='ocrx_word' id='word_1_245' title='bbox 507 3443 629 3514; x_wconf 79' lang='lat' dir='ltr'><strong>actum,</strong></span> <span class='ocrx_word' id='word_1_246' title='bbox 662 3442 696 3497; x_wconf 90' lang='lat' dir='ltr'><strong>ut</strong></span> <span class='ocrx_word' id='word_1_247' title='bbox 718 3435 929 3499; x_wconf 89' lang='lat' dir='ltr'><strong>testimonium</strong></span> <span class='ocrx_word' id='word_1_248' title='bbox 951 3435 1158 3517; x_wconf 86' lang='lat' dir='ltr'><strong>perhibeant,¹</strong></span> <span class='ocrx_word' id='word_1_249' title='bbox 1172 3434 1294 3497; x_wconf 81' lang='lat' dir='ltr'><strong>invitati</strong></span> <span class='ocrx_word' id='word_1_250' title='bbox 1305 3434 1333 3522; x_wconf 71' lang='grc'><strong>6)</strong></span> 
     </span>
    </p>
   </div>
   <div class='ocr_carea' id='block_1_6' title="bbox 138 3587 337 3604">
    <p class='ocr_par' dir='ltr' id='par_1_9' title="bbox 138 3587 337 3604">
     <span class='ocr_line' id='line_1_32' title="bbox 138 3587 337 3604; baseline -0.01 0"><span class='ocrx_word' id='word_1_251' title='bbox 138 3587 337 3604; x_wconf 61' lang='grc' dir='ltr'><strong>ἡ--ιι--υι</strong></span> 
     </span>
    </p>
   </div>
   <div class='ocr_carea' id='block_1_7' title="bbox 98 3701 1336 4624">
    <p class='ocr_par' dir='ltr' id='par_1_10' title="bbox 132 3701 1335 3844">
     <span class='ocr_line' id='line_1_33' title="bbox 168 3701 1335 3774; baseline -0.003 -12"><span class='ocrx_word' id='word_1_252' title='bbox 168 3703 197 3774; x_wconf 91' lang='grc'><strong>1)</strong></span> <span class='ocrx_word' id='word_1_253' title='bbox 220 3704 279 3757; x_wconf 82' lang='lat' dir='ltr'><strong>Gai.</strong></span> <span class='ocrx_word' id='word_1_254' title='bbox 298 3703 323 3757; x_wconf 82' lang='lat'><strong>2.</strong></span> <span class='ocrx_word' id='word_1_255' title='bbox 343 3704 366 3767; x_wconf 70' lang='lat'><strong>§-</strong></span> <span class='ocrx_word' id='word_1_256' title='bbox 386 3705 454 3769; x_wconf 86' lang='lat'>119;</span> <span class='ocrx_word' id='word_1_257' title='bbox 478 3706 516 3758; x_wconf 86' lang='lat' dir='ltr'><strong>id.</strong></span> <span class='ocrx_word' id='word_1_258' title='bbox 536 3705 559 3764; x_wconf 70' lang='lat' dir='ltr'><strong>b.</strong></span> <span class='ocrx_word' id='word_1_259' title='bbox 578 3701 639 3758; x_wconf 83' lang='lat'><strong>147.</strong></span> <span class='ocrx_word' id='word_1_260' title='bbox 657 3704 719 3774; x_wconf 90' lang='lat' dir='ltr'><strong>Ulp.</strong></span> <span class='ocrx_word' id='word_1_261' title='bbox 737 3705 836 3758; x_wconf 80' lang='lat' dir='ltr'>XXIII.</span> <span class='ocrx_word' id='word_1_262' title='bbox 857 3704 882 3758; x_wconf 84' lang='grc'><strong>6.</strong></span> <span class='ocrx_word' id='word_1_263' title='bbox 901 3703 924 3764; x_wconf 73' lang='lat' dir='ltr'><strong>b.</strong></span> <span class='ocrx_word' id='word_1_264' title='bbox 945 3705 971 3758; x_wconf 94' lang='grc'><strong>2.</strong></span> <span class='ocrx_word' id='word_1_265' title='bbox 991 3705 1010 3754; x_wconf 89' lang='grc' dir='ltr'><strong>Ι.</strong></span> <span class='ocrx_word' id='word_1_266' title='bbox 1030 3705 1057 3756; x_wconf 88' lang='lat' dir='ltr'><strong>h.</strong></span> <span class='ocrx_word' id='word_1_267' title='bbox 1076 3709 1094 3756; x_wconf 88' lang='lat' dir='ltr'><strong>t.</strong></span> <span class='ocrx_word' id='word_1_268' title='bbox 1114 3721 1137 3760; x_wconf 84' lang='grc' dir='ltr'><strong>ο.</strong></span> <span class='ocrx_word' id='word_1_269' title='bbox 1157 3702 1182 3757; x_wconf 88' lang='grc'><strong>2.</strong></span> <span class='ocrx_word' id='word_1_270' title='bbox 1205 3704 1234 3760; x_wconf 84' lang='lat'><strong>0.</strong></span> <span class='ocrx_word' id='word_1_271' title='bbox 1256 3701 1282 3768; x_wconf 88' lang='lat'><strong>6,</strong></span> <span class='ocrx_word' id='word_1_272' title='bbox 1300 3702 1335 3758; x_wconf 91' lang='lat'><strong>11</strong></span> 
     </span>
     <span class='ocr_line' id='line_1_34' title="bbox 132 3773 994 3844; baseline -0.003 -16"><span class='ocrx_word' id='word_1_273' title='bbox 132 3775 182 3844; x_wconf 85' lang='lat' dir='ltr'><strong>(de</strong></span> <span class='ocrx_word' id='word_1_274' title='bbox 199 3775 227 3826; x_wconf 90' lang='lat' dir='ltr'><strong>b.</strong></span> <span class='ocrx_word' id='word_1_275' title='bbox 241 3791 313 3843; x_wconf 84' lang='lat' dir='ltr'><strong>poss.</strong></span> <span class='ocrx_word' id='word_1_276' title='bbox 332 3793 385 3829; x_wconf 87' lang='lat' dir='ltr'><strong>sec.</strong></span> <span class='ocrx_word' id='word_1_277' title='bbox 404 3775 482 3843; x_wconf 78' lang='lat' dir='ltr'><strong>tab).</strong></span> <span class='ocrx_word' id='word_1_278' title='bbox 518 3777 615 3829; x_wconf 78' lang='lat' dir='ltr'><strong>Uollct.</strong></span> <span class='ocrx_word' id='word_1_279' title='bbox 633 3777 685 3843; x_wconf 80' lang='lat' dir='ltr'><strong>leg.</strong></span> <span class='ocrx_word' id='word_1_280' title='bbox 706 3777 817 3830; x_wconf 77' lang='lat' dir='ltr'><strong>Messio.</strong></span> <span class='ocrx_word' id='word_1_281' title='bbox 835 3777 907 3827; x_wconf 83' lang='lat' dir='ltr'><strong>XVI.</strong></span> <span class='ocrx_word' id='word_1_282' title='bbox 926 3773 994 3838; x_wconf 86' lang='lat'><strong>3,1.</strong></span> 
     </span>
    </p>

    <p class='ocr_par' dir='ltr' id='par_1_11' title="bbox 98 3844 1336 4200">
     <span class='ocr_line' id='line_1_35' title="bbox 166 3844 1336 3912; baseline 0.006 -15"><span class='ocrx_word' id='word_1_283' title='bbox 166 3844 198 3912; x_wconf 81' lang='grc'><strong>2)</strong></span> <span class='ocrx_word' id='word_1_284' title='bbox 216 3847 379 3900; x_wconf 78' lang='lat' dir='ltr'><strong>Iustinisnus</strong></span> <span class='ocrx_word' id='word_1_285' title='bbox 395 3851 423 3900; x_wconf 86' lang='lat' dir='ltr'><strong>in</strong></span> <span class='ocrx_word' id='word_1_286' title='bbox 439 3848 462 3908; x_wconf 71' lang='lat' dir='ltr'><strong>b.</strong></span> <span class='ocrx_word' id='word_1_287' title='bbox 482 3846 508 3900; x_wconf 78' lang='grc'><strong>3.</strong></span> <span class='ocrx_word' id='word_1_288' title='bbox 526 3850 546 3900; x_wconf 88' lang='lat' dir='ltr'><strong>l.</strong></span> <span class='ocrx_word' id='word_1_289' title='bbox 565 3851 592 3899; x_wconf 88' lang='lat' dir='ltr'><strong>h.</strong></span> <span class='ocrx_word' id='word_1_290' title='bbox 612 3854 631 3899; x_wconf 81' lang='lat' dir='ltr'><strong>t.</strong></span> <span class='ocrx_word' id='word_1_291' title='bbox 668 3849 785 3911; x_wconf 76' lang='lat' dir='ltr'><strong>Quando</strong></span> <span class='ocrx_word' id='word_1_292' title='bbox 809 3851 867 3900; x_wconf 78' lang='lat' dir='ltr'><strong>heo</strong></span> <span class='ocrx_word' id='word_1_293' title='bbox 886 3847 1007 3900; x_wconf 82' lang='lat' dir='ltr'><strong>conlusio</strong></span> <span class='ocrx_word' id='word_1_294' title='bbox 1024 3849 1244 3900; x_wconf 77' lang='lat' dir='ltr'><strong>testmentorum</strong></span> <span class='ocrx_word' id='word_1_295' title='bbox 1262 3853 1336 3904; x_wconf 71' lang='lat' dir='ltr'><strong>recu</strong></span> 
     </span>
     <span class='ocr_line' id='line_1_36' title="bbox 134 3916 1335 3987; baseline -0.006 -15"><span class='ocrx_word' id='word_1_296' title='bbox 134 3921 177 3983; x_wconf 82' lang='lat' dir='ltr'><strong>sit,</strong></span> <span class='ocrx_word' id='word_1_297' title='bbox 199 3918 308 3970; x_wconf 88' lang='lat' dir='ltr'><strong>dubium</strong></span> <span class='ocrx_word' id='word_1_298' title='bbox 329 3926 377 3972; x_wconf 85' lang='lat' dir='ltr'><strong>est.</strong></span> <span class='ocrx_word' id='word_1_299' title='bbox 414 3921 446 3972; x_wconf 90' lang='lat' dir='ltr'><strong>In</strong></span> <span class='ocrx_word' id='word_1_300' title='bbox 465 3920 679 3972; x_wconf 78' lang='lat' dir='ltr'><strong>occidentalibus</strong></span> <span class='ocrx_word' id='word_1_301' title='bbox 697 3921 799 3987; x_wconf 88' lang='lat' dir='ltr'><strong>imperii</strong></span> <span class='ocrx_word' id='word_1_302' title='bbox 821 3921 924 3971; x_wconf 83' lang='lat' dir='ltr'><strong>romani</strong></span> <span class='ocrx_word' id='word_1_303' title='bbox 940 3917 1074 3984; x_wconf 78' lang='lat' dir='ltr'><strong>pertibus,</strong></span> <span class='ocrx_word' id='word_1_304' title='bbox 1093 3916 1147 3972; x_wconf 87' lang='lat' dir='ltr'><strong>duo</strong></span> <span class='ocrx_word' id='word_1_305' title='bbox 1166 3925 1335 3975; x_wconf 72' lang='lat' dir='ltr'><strong>testamento.</strong></span> 
     </span>
     <span class='ocr_line' id='line_1_37' title="bbox 132 3988 1335 4058; baseline 0.004 -16"><span class='ocrx_word' id='word_1_306' title='bbox 132 4007 192 4042; x_wconf 86' lang='lat' dir='ltr'><strong>rum</strong></span> <span class='ocrx_word' id='word_1_307' title='bbox 210 4005 308 4056; x_wconf 76' lang='lat' dir='ltr'><strong>genera</strong></span> <span class='ocrx_word' id='word_1_308' title='bbox 327 3993 468 4058; x_wconf 85' lang='lat' dir='ltr'><strong>perplura</strong></span> <span class='ocrx_word' id='word_1_309' title='bbox 487 3993 585 4044; x_wconf 79' lang='lat' dir='ltr'><strong>secula</strong></span> <span class='ocrx_word' id='word_1_310' title='bbox 603 3991 684 4043; x_wconf 88' lang='lat' dir='ltr'><strong>medii</strong></span> <span class='ocrx_word' id='word_1_311' title='bbox 703 3993 751 4044; x_wconf 76' lang='lat' dir='ltr'><strong>eri</strong></span> <span class='ocrx_word' id='word_1_312' title='bbox 770 3991 860 4042; x_wconf 85' lang='lat' dir='ltr'><strong>adhuc</strong></span> <span class='ocrx_word' id='word_1_313' title='bbox 876 3991 958 4041; x_wconf 82' lang='lat' dir='ltr'><strong>fuisse</strong></span> <span class='ocrx_word' id='word_1_314' title='bbox 976 3988 1083 4050; x_wconf 81' lang='lat' dir='ltr'><strong>usitate,</strong></span> <span class='ocrx_word' id='word_1_315' title='bbox 1100 3993 1223 4056; x_wconf 82' lang='lat' dir='ltr'><strong>probavit</strong></span> <span class='ocrx_word' id='word_1_316' title='bbox 1238 4011 1262 4046; x_wconf 82' lang='lat' dir='ltr'><strong>c.</strong></span> <span class='ocrx_word' id='word_1_317' title='bbox 1284 3997 1335 4046; x_wconf 81' lang='lat' dir='ltr'><strong>Sa-</strong></span> 
     </span>
     <span class='ocr_line' id='line_1_38' title="bbox 131 4059 1335 4132; baseline 0.002 -17"><span class='ocrx_word' id='word_1_318' title='bbox 131 4067 229 4128; x_wconf 69' lang='lat' dir='ltr'><strong>m&#39;pny,</strong></span> <span class='ocrx_word' id='word_1_319' title='bbox 247 4060 410 4130; x_wconf 73' lang='lat' dir='ltr'><strong>Zeitacbrr’ft</strong></span> <span class='ocrx_word' id='word_1_320' title='bbox 422 4065 475 4132; x_wconf 80' lang='lat' dir='ltr'><strong>fib·</strong></span> <span class='ocrx_word' id='word_1_321' title='bbox 497 4063 661 4116; x_wconf 74' lang='lat' dir='ltr'><strong>Goscbs‘cbtt.</strong></span> <span class='ocrx_word' id='word_1_322' title='bbox 679 4062 982 4129; x_wconf 75' lang='lat' dir='ltr'><strong>Rscbtcwt&#39;assmcbuft.</strong></span> <span class='ocrx_word' id='word_1_323' title='bbox 1005 4063 1067 4112; x_wconf 83' lang='lat' dir='ltr'><strong>tom.</strong></span> <span class='ocrx_word' id='word_1_324' title='bbox 1087 4061 1107 4110; x_wconf 89' lang='lat' dir='ltr'><strong>l.</strong></span> <span class='ocrx_word' id='word_1_325' title='bbox 1125 4079 1152 4129; x_wconf 87' lang='lat' dir='ltr'><strong>p.</strong></span> <span class='ocrx_word' id='word_1_326' title='bbox 1171 4059 1214 4116; x_wconf 82' lang='lat'><strong>78.</strong></span> <span class='ocrx_word' id='word_1_327' title='bbox 1252 4068 1282 4120; x_wconf 81' lang='lat' dir='ltr'><strong>O.</strong></span> <span class='ocrx_word' id='word_1_328' title='bbox 1304 4068 1335 4118; x_wconf 90' lang='lat'><strong>0.</strong></span> 
     </span>
     <span class='ocr_line' id='line_1_39' title="bbox 98 4131 542 4200; baseline -0.009 -12"><span class='ocrx_word' id='word_1_329' title='bbox 98 4183 100 4188; x_wconf 83' lang='lat'><em>.</em></span> <span class='ocrx_word' id='word_1_330' title='bbox 133 4133 249 4194; x_wconf 67' lang='lat' dir='ltr'><strong>udum,</strong></span> <span class='ocrx_word' id='word_1_331' title='bbox 272 4131 417 4186; x_wconf 70' lang='lat' dir='ltr'><strong>Latrones</strong></span> <span class='ocrx_word' id='word_1_332' title='bbox 435 4151 462 4200; x_wconf 85' lang='lat' dir='ltr'><strong>p.</strong></span> <span class='ocrx_word' id='word_1_333' title='bbox 482 4131 542 4188; x_wconf 83' lang='lat'>719.</span> 
     </span>
    </p>

    <p class='ocr_par' dir='ltr' id='par_1_12' title="bbox 133 4200 1335 4488">
     <span class='ocr_line' id='line_1_40' title="bbox 171 4200 1335 4272; baseline 0.003 -17"><span class='ocrx_word' id='word_1_334' title='bbox 171 4200 201 4268; x_wconf 80' lang='lat'><strong>3)</strong></span> <span class='ocrx_word' id='word_1_335' title='bbox 220 4203 286 4253; x_wconf 84' lang='lat' dir='ltr'><strong>Haeo</strong></span> <span class='ocrx_word' id='word_1_336' title='bbox 301 4205 397 4256; x_wconf 86' lang='lat' dir='ltr'><strong>uostris</strong></span> <span class='ocrx_word' id='word_1_337' title='bbox 417 4205 525 4256; x_wconf 88' lang='lat' dir='ltr'><strong>demum</strong></span> <span class='ocrx_word' id='word_1_338' title='bbox 543 4205 707 4272; x_wconf 88' lang='lat' dir='ltr'><strong>temporibus</strong></span> <span class='ocrx_word' id='word_1_339' title='bbox 724 4221 759 4256; x_wconf 89' lang='lat' dir='ltr'><strong>ex</strong></span> <span class='ocrx_word' id='word_1_340' title='bbox 778 4202 938 4271; x_wconf 80' lang='lat' dir='ltr'><strong>quibusdem</strong></span> <span class='ocrx_word' id='word_1_341' title='bbox 961 4205 1179 4256; x_wconf 76' lang='lat' dir='ltr'><strong>testamentorum</strong></span> <span class='ocrx_word' id='word_1_342' title='bbox 1203 4207 1335 4272; x_wconf 76' lang='lat' dir='ltr'><strong>exemplis</strong></span> 
     </span>
     <span class='ocr_line' id='line_1_41' title="bbox 133 4272 1333 4343; baseline 0.003 -19"><span class='ocrx_word' id='word_1_343' title='bbox 133 4289 151 4324; x_wconf 81' lang='lat' dir='ltr'><strong>u</strong></span> <span class='ocrx_word' id='word_1_344' title='bbox 169 4274 239 4325; x_wconf 78' lang='lat' dir='ltr'><strong>doct</strong></span> <span class='ocrx_word' id='word_1_345' title='bbox 255 4272 377 4328; x_wconf 70' lang='lat' dir='ltr'><strong>Mortuo</strong></span> <span class='ocrx_word' id='word_1_346' title='bbox 387 4277 537 4343; x_wconf 84' lang='lat' dir='ltr'><strong>publicatis,</strong></span> <span class='ocrx_word' id='word_1_347' title='bbox 555 4278 733 4328; x_wconf 78' lang='lat' dir='ltr'><strong>innotuerunt.</strong></span> <span class='ocrx_word' id='word_1_348' title='bbox 753 4278 799 4328; x_wconf 82' lang='lat' dir='ltr'><strong>cfr.</strong></span> <span class='ocrx_word' id='word_1_349' title='bbox 817 4274 984 4341; x_wconf 77' lang='lat' dir='ltr'><strong>eiusPupe&#39;rr&#39;</strong></span> <span class='ocrx_word' id='word_1_350' title='bbox 1001 4274 1171 4342; x_wconf 64' lang='lat' dir='ltr'><strong>deplumats&#39;cs&#39;</strong></span> <span class='ocrx_word' id='word_1_351' title='bbox 1187 4293 1214 4329; x_wconf 88' lang='lat' dir='ltr'><strong>n.</strong></span> <span class='ocrx_word' id='word_1_352' title='bbox 1225 4274 1268 4328; x_wconf 82' lang='lat'><strong>74.</strong></span> <span class='ocrx_word' id='word_1_353' title='bbox 1289 4275 1333 4328; x_wconf 79' lang='lat'><strong>75.</strong></span> 
     </span>
     <span class='ocr_line' id='line_1_42' title="bbox 135 4341 1332 4416; baseline 0.003 -19"><span class='ocrx_word' id='word_1_354' title='bbox 135 4351 162 4397; x_wconf 86' lang='lat' dir='ltr'><strong>et</strong></span> <span class='ocrx_word' id='word_1_355' title='bbox 177 4346 312 4412; x_wconf 65' lang='lat' dir='ltr'><strong>Savum,</strong></span> <span class='ocrx_word' id='word_1_356' title='bbox 334 4346 493 4400; x_wconf 73' lang='lat' dir='ltr'><strong>Gereba’cbte</strong></span> <span class='ocrx_word' id='word_1_357' title='bbox 513 4351 561 4400; x_wconf 72' lang='lat' dir='ltr'><strong>dcc</strong></span> <span class='ocrx_word' id='word_1_358' title='bbox 580 4348 659 4399; x_wconf 78' lang='lat' dir='ltr'><strong>Bdm.</strong></span> <span class='ocrx_word' id='word_1_359' title='bbox 680 4347 789 4400; x_wconf 75' lang='lat' dir='ltr'><strong>Rechts.</strong></span> <span class='ocrx_word' id='word_1_360' title='bbox 809 4353 873 4400; x_wconf 85' lang='lat' dir='ltr'><strong>tom.</strong></span> <span class='ocrx_word' id='word_1_361' title='bbox 890 4345 926 4397; x_wconf 87' lang='grc' dir='ltr'><strong>ΙΙ.</strong></span> <span class='ocrx_word' id='word_1_362' title='bbox 947 4362 973 4412; x_wconf 93' lang='lat' dir='ltr'><strong>p.</strong></span> <span class='ocrx_word' id='word_1_363' title='bbox 993 4341 1054 4398; x_wconf 87' lang='lat'>183.</span> <span class='ocrx_word' id='word_1_364' title='bbox 1073 4366 1086 4401; x_wconf 91' lang='lat' dir='ltr'><strong>s</strong></span> <span class='ocrx_word' id='word_1_365' title='bbox 1122 4385 1128 4398; x_wconf 95' lang='lat'><strong>.</strong></span> <span class='ocrx_word' id='word_1_366' title='bbox 1148 4355 1174 4400; x_wconf 87' lang='lat' dir='ltr'><strong>et</strong></span> <span class='ocrx_word' id='word_1_367' title='bbox 1191 4350 1332 4416; x_wconf 69' lang='lat' dir='ltr'><strong>sponpon-</strong></span> 
     </span>
     <span class='ocr_line' id='line_1_43' title="bbox 135 4413 1333 4488; baseline -0.002 -17"><span class='ocrx_word' id='word_1_368' title='bbox 135 4419 208 4482; x_wconf 61' lang='lat' dir='ltr'><strong>bery.</strong></span> <span class='ocrx_word' id='word_1_369' title='bbox 225 4416 277 4466; x_wconf 87' lang='lat' dir='ltr'><strong>l.c.</strong></span> <span class='ocrx_word' id='word_1_370' title='bbox 295 4413 373 4482; x_wconf 70' lang='lat' dir='ltr'><strong>peu.</strong></span> <span class='ocrx_word' id='word_1_371' title='bbox 391 4435 445 4488; x_wconf 86' lang='lat' dir='ltr'><strong>seq.</strong></span> <span class='ocrx_word' id='word_1_372' title='bbox 465 4420 518 4472; x_wconf 78' lang='lat'>01⁴1.</span> <span class='ocrx_word' id='word_1_373' title='bbox 537 4420 614 4470; x_wconf 80' lang='lat' dir='ltr'><strong>Paul.</strong></span> <span class='ocrx_word' id='word_1_374' title='bbox 632 4417 771 4471; x_wconf 68' lang='lat' dir='ltr'><strong>nossent.</strong></span> <span class='ocrx_word' id='word_1_375' title='bbox 789 4418 835 4470; x_wconf 83' lang='lat' dir='ltr'><strong>1v.</strong></span> <span class='ocrx_word' id='word_1_376' title='bbox 854 4417 879 4471; x_wconf 90' lang='grc'><strong>6.</strong></span> <span class='ocrx_word' id='word_1_377' title='bbox 899 4415 922 4477; x_wconf 69' lang='lat'><strong>§-</strong></span> <span class='ocrx_word' id='word_1_378' title='bbox 931 4415 956 4468; x_wconf 91' lang='lat'><strong>1.</strong></span> <span class='ocrx_word' id='word_1_379' title='bbox 972 4420 991 4470; x_wconf 79' lang='lat' dir='ltr'><strong>f.</strong></span> <span class='ocrx_word' id='word_1_380' title='bbox 1011 4415 1053 4471; x_wconf 82' lang='lat'><strong>22.</strong></span> <span class='ocrx_word' id='word_1_381' title='bbox 1072 4418 1096 4480; x_wconf 69' lang='grc' dir='ltr'><strong>ἓ.</strong></span> <span class='ocrx_word' id='word_1_382' title='bbox 1125 4421 1175 4472; x_wconf 72' lang='lat' dir='ltr'><strong>‚fn</strong></span> <span class='ocrx_word' id='word_1_383' title='bbox 1183 4417 1226 4471; x_wconf 86' lang='lat'><strong>30.</strong></span> <span class='ocrx_word' id='word_1_384' title='bbox 1236 4421 1270 4471; x_wconf 91' lang='lat' dir='ltr'><strong>D.</strong></span> <span class='ocrx_word' id='word_1_385' title='bbox 1282 4420 1333 4471; x_wconf 88' lang='lat' dir='ltr'><strong>h.t.</strong></span> 
     </span>
    </p>

    <p class='ocr_par' dir='ltr' id='par_1_13' title="bbox 168 4484 981 4555">
     <span class='ocr_line' id='line_1_44' title="bbox 168 4484 981 4555; baseline 0.002 -17"><span class='ocrx_word' id='word_1_386' title='bbox 168 4485 197 4550; x_wconf 86' lang='lat'><strong>4)</strong></span> <span class='ocrx_word' id='word_1_387' title='bbox 218 4486 247 4538; x_wconf 81' lang='lat' dir='ltr'><strong>(t.</strong></span> <span class='ocrx_word' id='word_1_388' title='bbox 264 4484 308 4538; x_wconf 77' lang='lat'><strong>19.</strong></span> <span class='ocrx_word' id='word_1_389' title='bbox 327 4488 356 4542; x_wconf 79' lang='lat'><strong>0.</strong></span> <span class='ocrx_word' id='word_1_390' title='bbox 374 4490 440 4544; x_wconf 80' lang='lat' dir='ltr'><strong>lnt.</strong></span> <span class='ocrx_word' id='word_1_391' title='bbox 540 4486 981 4555; x_wconf 74' lang='lat' dir='ltr'><strong>ott.8.uu.ao.21.c.u›.</strong></span> 
     </span>
    </p>

    <p class='ocr_par' dir='ltr' id='par_1_14' title="bbox 170 4554 518 4624">
     <span class='ocr_line' id='line_1_45' title="bbox 170 4554 518 4624; baseline 0.009 -14"><span class='ocrx_word' id='word_1_392' title='bbox 170 4555 200 4624; x_wconf 84' lang='lat'><strong>6)</strong></span> <span class='ocrx_word' id='word_1_393' title='bbox 219 4554 325 4614; x_wconf 59' lang='lat' dir='ltr'><strong>mat.</strong></span> <span class='ocrx_word' id='word_1_394' title='bbox 345 4559 518 4624; x_wconf 55' lang='grc'><strong>221111.</strong></span> 
     </span>
    </p>
   </div>
   <div class='ocr_carea' id='block_1_8' title="bbox 0 0 1554 4966">
    <p class='ocr_par' dir='ltr' id='par_1_15' title="bbox 0 0 1554 4966">
     <span class='ocr_line' id='line_1_46' title="bbox 0 0 1554 4966; baseline 0 1"><span class='ocrx_word' id='word_1_395' title='bbox 0 0 1554 4966; x_wconf 95' lang='lat' dir='ltr'><strong> </strong></span> 
     </span>
    </p>
   </div>
  </div>
 </body>
</html>
