3082 4976
207 349 224 402 6
524 355 725 394 iustitutionis
747 355 821 396 iiim
840 356 942 396 ΙΟΙΛΙΙ
963 357 1083 396 ΡΒΙΥΛΤΙ.
1121 383 1124 388 ·

210 495 267 564 las,
289 505 390 572 regna
414 487 548 564 condita,
573 487 706 552 dominia
719 488 877 564 distincta,
899 488 986 570 agris
1010 489 1134 552 termini
1147 491 1253 570 positi,
1274 493 1406 578 edificia

208 588 378 665 collocata,
410 591 647 666 commercium,
677 588 888 670 obligationes
918 590 1070 652 institulae
1099 596 1131 652 ct
1157 593 1304 673 plerique
1324 612 1407 658 con-

207 697 327 754 tractus
343 689 381 776 ¹).

250 795 279 874 g.
294 791 344 854 11.
389 789 441 850 lus
463 789 558 852 civile
582 793 640 866 ast,
664 789 747 870 quod
770 791 988 870 unnsquisque
1004 791 1139 870 populus
1160 792 1221 854 sibi
1243 795 1310 874 ipse
1324 814 1408 858 con-

207 895 319 970 stituit,
342 891 425 972 quod
448 892 548 972 ipsius
570 893 708 954 civitatis
734 891 851 953 estius
873 893 1102 972 proprium,‘ct
1116 893 1212 955 civile
1233 895 1282 956 ius
1305 915 1407 961 voca-

206 1001 267 1071 tur,
290 991 391 1056 veluti
400 989 649 1070 Atheniensium,
671 991 891 1068 Romanorum,
914 992 1084 1069 Gallorum,
1108 993 1285 1077 Belgarum.
1321 998 1408 1060 Dos-

207 1095 313 1160 cendit
342 1099 445 1156 autem
475 1093 535 1156 boc
564 1093 613 1155 ius
634 1112 673 1156 ex
694 1092 802 1174 populi
822 1095 951 1176 ingenio
973 1094 1187 1176 moribusque,
1215 1103 1247 1160 et
1269 1105 1322 1160 ant
1344 1101 1406 1162 im-

209 1196 384 1280 perantium
406 1195 603 1270 auctoritate,
627 1199 681 1255 aut
704 1195 798 1256 tacite
820 1196 1031 1258 constituitur.

251 1301 281 1380 §-
294 1295 344 1360 18.
389 1292 440 1354 lus
463 1292 557 1356 civile
579 1311 641 1356 non
662 1295 694 1356 in
714 1299 841 1358 totuma
864 1297 934 1356 iure
947 1296 1088 1376 gentium
1109 1297 1406 1384 recedit2)‚.nequc

208 1396 345 1460 inomni
368 1415 405 1458 re
428 1397 458 1458 ei
483 1396 634 1470 inservit,
668 1395 725 1457 sed
749 1395 801 1458 ubi
824 1395 950 1476 publica
972 1395 1060 1458 salus
1082 1403 1136 1458 aut
1158 1399 1267 1478 populi
1298 1402 1406 1480 opinio

209 1497 329 1577 aliquid
350 1497 508 1577 postulat,
535 1495 709 1578 singularia
730 1496 921 1573 introducit,
954 1513 1023 1576 quae
1053 1514 1115 1558 non
1142 1515 1288 1579 peraque
1323 1502 1407 1582 apud

208 1616 316 1662 omncs
338 1597 471 1678 populos
495 1598 708 1658 inveniuntur.
753 1596 804 1658 lus
828 1597 941 1660 deinde
964 1595 1061 1658 civile
1082 1603 1290 1678 saepemutari
1312 1601 1409 1678 solet,

209 1699 260 1761 vel
284 1679 378 1761 tacito
400 1697 509 1778 populi
525 1715 694 1772 consensu,
719 1697 772 1759 vel
785 1699 876 1760 novis
893 1697 1020 1779 legibus
1039 1696 1129 1787 latis3
1155 1716 1224 1762 cum
1247 1703 1406 1764 naturalia

210 1801 278 1862 iura
302 1801 383 1861 omni
406 1804 547 1879 tempore
569 1797 692 1860 stabilia
714 1817 750 1860 ac
772 1797 869 1874 firma,
891 1799 990 1878 'quasi
1013 1798 1118 1860 divina
1142 1800 1273 1879 quadam
1295 1804 1411 1882 provi·
1523 1843 1524 1852 .

210 1900 315 1964 dentia
339 1899 519 1974 constituta,
545 1899 797 1985 permancantij.

251 2004 282 2082 fi.
297 2001 346 2064 19.
390 1998 483 2079 Apud
511 2000 706 2060 recentiores
729 2001 788 2060 iam
809 2000 902 2062 aliter
924 2001 973 2063 ius
999 2001 1141 2064 naturale
1165 2021 1181 2062 a
1209 2001 1409 2083 philosophis
1474 2079 1478 2093 Ι
1523 2019 1524 2032 ³

211 2105 242 2160 et
262 2099 496 2161 iurisconsultis
520 2097 643 2160 deliniri
666 2099 758 2162 solet.
814 2099 865 2162 lus
897 2104 978 2164 enim
1000 2101 1145 2164 naturale
1169 2104 1294 2178 dicitur,
1316 2105 1410 2166 cuius
1523 2157 1524 2174 ,

209 2205 378 2281 praccepta,
401 2204 436 2259 ut
457 2205 582 2262 aeternae
603 2200 693 2281 loges
717 2206 811 2280 atque
834 2201 1035 2266 immutabilia
1060 2205 1220 2279 instituta,
1250 2203 1409 2266 hominum

209 2300 322 2366 rationi
344 2295 449 2362 innata'
473 2317 556 2376 esso,
579 2305 611 2362 et
633 2318 688 2362 sua
708 2303 847 2382 ipsorum
861 2307 971 2364 natura
994 2303 1134 2366 homines
1147 2321 1282 2386 cogere,
1304 2321 1411 2384 neque

209 2402 332 2462 demum
355 2400 478 2480 publica
502 2401 632 2482 quadam
654 2405 839 2464 auctoritate
861 2403 918 2464 niti
941 2402 1124 2465 creduntur.
1168 2397 1326 2467 Naturalia
1342 2405 1410 2468 baec

210 2505 280 2566 iura
300 2519 408 2566 omnes
431 2502 583 2579 homines,
603 2503 692 2582 quasi
706 2505 810 2564 nativa
826 2502 954 2582 ubique,
978 2504 1098 2566 etiamsi
1118 2503 1204 2567 nulla
1230 2505 1311 2567 forat
1334 2522 1409 2566 res-

209 2603 347 2686 publica,
373 2603 544 2680 vindicare,
569 2609 600 2664 et
621 2603 778 2683 corporali
801 2605 832 2665 vi
848 2605 998 2684 persequi
1013 2623 1106 2686 posse
1122 2605 1245 2668 docent.
1290 2605 1406 2667 Harum
1523 2649 1524 2658 .

134 2772 145 2782 ,-
209 2707 316 2787 legum
345 2703 557 2766 absolutarum
586 2704 717 2766 scientia
753 2703 997 2782 iurisprudentia
1035 2705 1186 2767 naturalis
1219 2704 1406 2786 appellatur.

211 2805 291 2867 llinc
313 2803 367 2866 illa
390 2803 471 2883 apud
493 2805 689 2865 recentiores
714 2805 793 2864 iuris
815 2803 941 2882 positivi
966 2810 998 2867 et
1019 2805 1173 2866 naturalis
1195 2805 1365 2869 distinctio.

538 2965 607 3016 mr.
628 2967 674 3017 rv.
711 2945 759 3018 mm
778 2966 1087 3022 rumsrnunmmmn.
1523 3021 1524 3036 ,

255 3065 350 3150 §.ab
395 3065 655 3148 lurisprudentia,
679 3064 748 3128 siue
768 3069 846 3129 iuris
868 3069 999 3130 scientia
1030 3069 1062 3130 in
1093 3074 1189 3132 artem
1219 3069 1407 3148 redacta,a

212 3169 374 3230 veteribus
411 3163 558 3228 delinitur
587 3166 760 3228 divinarum
792 3174 885 3248 atque
918 3169 1119 3232 humanarum
1151 3188 1257 3231 rerum
1286 3171 1409 3250 notitia,
1523 3157 1524 3162 ἵ

209 3269 284 3331 iusti
306 3274 400 3350 atque
421 3268 529 3330 iniusti
553 3267 684 3328 scientia
698 3267 743 3355 4);
768 3287 828 3348 qua
845 3267 1025 3334 definitione
1048 3289 1114 3331 eam
1135 3271 1208 3331 iusti
1234 3289 1306 3332 esse
1328 3271 1404 3352 pbi-
1523 3265 1524 3342 ,

211 3369 384 3450 losopbiam
407 3367 587 3452 significare
609 3369 789 3456 voluerel).
833 3367 871 3429 Ut
892 3372 974 3431 enim
995 3371 1073 3431 iuris
1087 3371 1195 3432 notitia
1209 3371 1240 3430 in
1262 3369 1408 3452 discipli-

211 3487 320 3532 narum
343 3488 505 3532 numerum
528 3471 568 3530 sit
590 3469 776 3544 referenda,
807 3471 948 3550 artisque
971 3488 1026 3532 seu
1051 3469 1200 3533 doctrinae
1223 3469 1407 3554 dignitatem

213 3571 323 3632 merito
346 3577 482 3645 tueatur,
506 3570 687 3630 necessario
711 3568 764 3630 illa
778 3587 847 3630 cum
860 3569 1088 3650 elegantiorum
1102 3570 1261 3633 literarum
1278 3571 1407 3633 et'libe-
1523 3559 1524 3562 ¹

212 3667 323 3732 ralium
354 3669 466 3732 artium
496 3669 618 3744 studi0,
647 3669 938 3750 philosophicisque
972 3671 1146 3752 disciplinis
1178 3671 1304 3733 videtur
1335 3687 1406 3732 esse

212 3769 443 3852 coniungenda.

254 3875 284 3954 ξ,
299 3871 349 3936 21.
394 3869 519 3950 Triplex
545 3875 646 3931 autem
671 3875 718 3931 est
739 3871 816 3931 iuris
840 3871 935 3934 studii
958 3873 1040 3934 benc
1072 3871 1235 3934 ordinandi
1259 3875 1290 3933 et
1311 3869 1406 3932 undi-

214 3990 276 4054 quc
294 3969 473 4034 illustrandi
498 3977 583 4032 recta
603 3971 694 4047 ratio,
715 3973 857 4033 nimirum
881 3973 1050 4046 didactica,
1076 3974 1223 4035 historica
1247 3977 1278 4032 et
1300 3969 1406 4051 philo-

211 4071 339 4153 sophica
352 4069 391 4159 6).
437 4070 566 4142 Quoties
592 4073 674 4134 enim
698 4089 822 4152 cunque
846 4072 886 4134 de
909 4074 978 4134 iure
1004 4075 1145 4135 exoritur
1170 4073 1312 4152 quaestio,
1337 4073 1405 4152 pri-

248 4247 728 4320 amnaonasmm

245 4321 537 4388 amomon.
682 4318 936 4384 asmona

124 4445 128 4456 ,
244 4393 275 4457 4)
295 4393 318 4454 5.
335 4391 360 4455 1,
381 4393 401 4442 1.
421 4391 445 4454 1,
466 4391 477 4442 1
500 4389 547 4452 (de
566 4391 624 4442 iusi.
644 4395 670 4442 at
687 4392 767 4448 iure).
791 4393 821 4442 fr.
844 4389 885 4454 10,
905 4391 928 4450 §-
946 4391 972 4444 2.
992 4394 1026 4444 D·
1049 4393 1109 4444 aod.

246 4464 274 4530 5)
292 4465 335 4515 Fr.
358 4462 382 4526 1,
402 4461 426 4523 b·
439 4462 462 4513 1.
482 4464 514 4513 D.
536 4461 560 4524 1,
581 4461 596 4512 1
617 4459 702 4526 (ibid.)
719 4463 751 4512 ir.
773 4461 797 4524 1,
814 4459 872 4520 §.b
891 4464 924 4513 D.
942 4461 985 4525 50,
1007 4461 1040 4515 13
1064 4463 1113 4524 (de
1133 4462 1267 4515 extraord.
1287 4459 1404 4529 cogruit).

248 4535 276 4604 (i)
294 4537 359 4588 Haeo
377 4539 502 4607 accurate
520 4535 633 4599 primum
651 4533 733 4600 Hugo
753 4531 880 4596 distinxit,
901 4535 929 4586 in
946 4549 995 4586 sua
1013 4534 1077 4586 iuris
1091 4533 1311 4603 Encycloposdio.
1335 4535 1405 4586 Eum
