3098 4966
558 327 639 368 nrm
655 329 686 366 tt.
706 326 772 366 rins
791 330 812 366 ι.
835 327 894 366 oss.
906 330 930 370 ι.
1301 318 1336 374 79

182 453 300 522 Similia
326 455 395 522 iura
417 459 491 520 sunt
512 453 728 534 emphyteusis
749 461 782 520 et
800 455 996 536 superficias.

180 557 211 636 §·
224 554 296 624 290.
340 553 487 637 Pignuris
510 553 648 634 denique
670 555 722 622 vel
745 554 930 640 hypotdeom
949 557 999 619 ins
1019 557 1051 618 in
1072 574 1111 619 eo
1125 557 1278 634 consistit,
1301 563 1337 619 nt

134 671 192 721 res
213 655 316 720 aliena
338 656 370 720 in
395 653 600 737 obligationis
621 656 821 722 securitatem
842 656 994 720 debitoris
1016 658 1085 720 loco
1106 657 1256 720 creditori
1276 657 1337 721 ob-

134 755 236 838 ligata
255 757 312 832 sit,
332 756 374 822 tta
399 761 434 820 ut
453 773 507 820 res
529 755 668 838 obligate
690 755 743 822 vel
766 757 902 822 obnoxia
925 757 1092 822 solutionis
1115 775 1208 822 eausa
1226 778 1244 821 a
1262 777 1337 822 ore-

134 855 241 922 diturs
263 855 395 922 distrahi
418 857 520 937 possit
531 857 571 943 1).

179 959 211 1038 ξ.
226 957 300 1026 291.
344 957 454 1024 Omnia
475 958 543 1024 leo
567 959 636 1024 iura
659 959 692 1024 in
714 954 885 1024 undernre
909 975 1101 1022 concurrere
1126 964 1275 1040 possunt,
1304 963 1339 1019 ut

133 1059 220 1124 alter
242 1058 422 1134 dominium,
446 1057 527 1124 alter
550 1059 747 1135 servitutem,
771 1057 852 1122 ulter
872 1059 988 1141 pignus
1009 1061 1042 1122 in
1064 1077 1099 1121 re
1122 1059 1244 1122 habeat.

179 1162 212 1243 2.
227 1159 300 1230 222.
344 1159 581 1243 obligationum
605 1177 698 1224 unum
719 1165 837 1224 tuntum
859 1166 909 1223 est
930 1177 1043 1244 genus,
1065 1161 1208 1241 quumvis
1228 1177 1339 1223 exva-
1371 1233 1375 1254 .

135 1263 197 1330 riis
219 1262 325 1328 oensis
349 1263 537 1335 nascentum
559 1259 680 1332 ,eudem
705 1261 786 1325 eninr
810 1265 859 1324 est
879 1263 1015 1324 omnium
1036 1265 1159 1337 natura,
1183 1265 1217 1320 nt
1240 1260 1340 1322 exiis

134 1361 275 1425 sliouins
297 1378 443 1442 personet
464 1359 579 1424 sactum
603 1362 666 1442 peti
689 1363 804 1442 possit,
834 1378 903 1442 quae
925 1367 1051 1424 tenetur
1070 1360 1122 1422 vel
1147 1359 1339 1426 addendum

135 1461 255 1530 velud
281 1461 467 1530 laniandum.

180 1561 299 1644 §.tub
342 1562 599 1646 obligationibus
621 1563 851 1644 equiparande
874 1567 947 1624 snnt
976 1563 1139 1638 actiones,
1173 1578 1243 1642 qus
1269 1564 1343 1623 sunt

137 1665 211 1732 iura
233 1664 447 1748 persequendi
469 1665 501 1728 in
523 1663 659 1741 indicio,
681 1663 765 1745 quod
785 1663 875 1730 nobis
898 1663 1031 1726 debetur
1042 1663 1082 1750 ²).
1125 1663 1278 1725 Actiones
1302 1659 1341 1722 de

136 1766 226 1826 omni
248 1765 326 1826 iuris
349 1782 470 1846 genere
490 1771 563 1826 sunt
584 1765 772 1846 propositae,
796 1765 895 1826 veluti
915 1764 954 1826 de
977 1769 1077 1840 statu,
1103 1768 1278 1844 potestate,
1302 1759 1342 1822 do
1412 1778 1416 1782 ’

135 1865 210 1930 iure
228 1865 261 1928 in
282 1883 317 1929 ro
341 1869 372 1926 et
392 1863 431 1930 de
454 1865 710 1948 obligationibus.
755 1865 861 1931 Omnis
882 1871 984 1928 antem
1007 1866 1107 1942 notio,
1140 1881 1209 1943 quse
1229 1879 1342 1925 revera

138 1953 237 2030 alieni
261 1981 406 2046 persone
429 1969 520 2046 quusi
542 1969 704 2048 proprium
727 1969 777 2030 ins
804 1969 864 2030 iam
888 1967 1049 2047 competit,
1082 1967 1160 2028 iuris
1184 1963 1342 2026 vinculum

136 2067 313 2142 constituit,
336 2061 539 2156 obligationis
556 2069 685 2136 vinonio
705 2068 906 2146 simillimum,
930 2067 1013 2130 into'r
1035 2074 1171 2131 notorem
1191 2071 1223 2128 ot
1242 2081 1341 2140 reum,

137 2170 211 2235 siue
234 2169 283 2232 ius
306 2167 338 2234 in
352 2185 389 2234 re
405 2172 640 2250 persequimur,
659 2171 728 2236 sive
752 2169 975 2254 obligationem
998 2169 1126 2232 aliudve
1150 2170 1211 2230 ius.
1233 2164 1342 2230 Dahis

137 2268 285 2336 omnibus
308 2271 341 2334 in
363 2275 478 2350 quarto
499 2269 733 2336 Institutionum
757 2277 937 2336 nostrorum
960 2271 1042 2334 libro
1065 2269 1248 2354 diligentins
1273 2265 1342 2328 dis-

138 2370 306 2450 pioinnrns.

185 2467 305 2551 §.294-
347 2469 519 2552 Superest,
551 2477 586 2536 ut
606 2490 804 2550 moneamus,
837 2473 929 2536 etiam
950 2474 1019 2534 iura
1044 2475 1098 2534 aut
1121 2466 1249 2531 dividua
1270 2481 1342 2528 esse

139 2573 198 2634 aut
219 2568 392 2636 individuo.
437 2569 534 2636 Cuius
556 2573 634 2638 iuris
659 2575 740 2638 enim
773 2592 808 2638 ea
839 2578 888 2638 est
912 2573 962 2634 vis
993 2577 1025 2634 st
1047 2575 1179 2646 natura,
1208 2574 1243 2630 ut
1268 2567 1344 2630 lieet

141 2686 197 2732 ¹0⁸
220 2686 279 2749 bro
300 2670 438 2738 indiviso
464 2675 635 2738 eommunis
659 2677 715 2751 sil,
743 2675 792 2740 ius
814 2681 916 2738 tamen
939 2673 1076 2754 plurium
1097 2672 1155 2750 prin
1177 2675 1243 2732 rata
1270 2685 1343 2731 esse
1363 2745 1373 2761 “

140 2771 261 2850 possit:
296 2773 328 2840 iti
351 2773 514 2840 dividuum
538 2774 647 2840 baberi
668 2775 781 2850 debet,
814 2774 908 2855 quale
931 2779 979 2838 est
1000 2773 1170 2851 dominium
1191 2776 1222 2832 et
1244 2784 1342 2832 usus-

140 2874 279 2942 frustis.
321 2873 365 2942 Ea
387 2893 466 2942 vero
489 2877 559 2944 iura
581 2893 661 2955 uun,
684 2877 711 2942 si
732 2875 771 2940 ad
796 2875 904 2956 plnres
926 2875 1121 2956 pertineant,
1150 2869 1287 2954 singulis
1308 2871 1342 2932 in

141 2975 279 3038 solidum
302 2981 493 3056 competunt,
517 2976 679 3038 individua
701 2983 785 3052 sunt,
808 2977 906 3040 veluti
925 2977 1096 3038 servitutes
1120 2977 1152 3034 ot
1171 2971 1342 3035 rernmin-

141 3075 345 3144 dtriduarnm
366 3075 586 3158 obligationes.
639 3076 712 3142 limo
731 3079 800 3144 inm
821 3095 879 3158 pro
900 3081 988 3158 parte
1010 3091 1115 3156 neque
1136 3072 1257 3154 acquiri
1282 3088 1342 3134 ne-

140 3194 208 3258 que
226 3177 325 3244 amitti
344 3177 525 3264 possuntt).

140 3361 214 3414 TIT.
233 3361 279 3412 III.
304 3361 353 3412 DE
370 3360 605 3424 AOQUIRENDA
623 3326 671 3414 ΕΤ
688 3363 901 3415 ΔΜΙΤΤΕΝΒΑ
919 3362 1044 3415 RERUM
1061 3337 1346 3424 Posssssmnntt.

185 3491 302 3576 §.295-
355 3491 514 3573 Expositis
535 3510 642 3561 rerum
666 3493 875 3562 divisionibus
897 3495 929 3557 in
949 3512 990 3558 eo
1010 3499 1075 3572 est,
1106 3499 1141 3556 ut
1166 3493 1207 3558 de
1227 3493 1342 3574 aequi-

180 3733 212 3806 1)
229 3734 376 3858 depulsuros
391 3735 452 3790 lura
467 3737 539 3790 olrili
554 3737 615 3792 inas
633 3737 662 3788 in
679 3753 708 3792 ro
725 3741 801 3803 sunta
823 3743 918 3792 uetere
936 3739 964 3790 in
980 3754 1010 3792 re
1029 3738 1119 3791 ollone
1137 3737 1205 3801 inre,
1222 3735 1341 3804 praetorio

141 3811 249 3860 unium
277 3820 332 3859 ure.

181 3873 213 3943 2)
230 3879 274 3929 Pr.
292 3879 315 3942 Ῑ,
333 3875 361 3942 4,
379 3877 458 3946 6(de
476 3878 624 3946 astionlb..)

182 3946 211 4014 3)
230 3949 293 4016 Arg.
312 3945 406 4002 o.17.
430 3953 464 4002 D.
482 3947 609 4016 8,1(o0
628 3946 818 4014 servitutibus).
843 3950 875 4001 ir.
892 3946 937 4001 42.
956 3966 995 4016 pr.
1013 3951 1047 4001 D
1065 3947 1109 4013 41,
1128 3949 1145 4002 2
1172 3945 1222 4014 (de
1241 3947 1341 4015 nequir.

142 4020 190 4072 vol
214 4021 353 4076 autumo
376 4018 470 4088 ptuoss)
493 4024 524 4074 fr.
545 4017 637 4089 72.pn
638 4023 702 4075 .D
720 4017 799 4084 45,1
826 4017 874 4085 (de
900 4021 1004 4072 verbor.
1033 4017 1135 4088 oblig..)
1160 4023 1191 4072 ir.
1210 4016 1300 4080 252.

141 4091 178 4142 D.
197 4088 241 4154 50,
261 4090 295 4143 16
315 4088 363 4158 (de
381 4091 414 4144 V
433 4089 482 4153 2..)
519 4039 637 4160 Vulgo
633 4059 687 4145 liaeo
709 4093 778 4144 inter
794 4093 854 4143 iura
876 4089 987 4142 dividua
1006 4099 1032 4144 et
1050 4093 1190 4144 individua
1210 4091 1341 4141 distinctio

142 4160 183 4214 od
203 4176 255 4226 res,
274 4161 303 4218 in
320 4163 557 4232 qulbnsoonstent,
575 4164 698 4228 trahitur,
716 4179 782 4232 quas
800 4163 921 4214 hodierni
939 4163 1003 4216 inde
1022 4165 1132 4216 uiriliter
1149 4164 1205 4215 sire
1220 4161 1342 4212 ldeallter

142 4233 273 4288 dividuos
290 4239 337 4284 sut
353 4233 508 4289 individuas
527 4235 627 4287 (linunt
669 4237 738 4286 Eam
756 4247 820 4286 reso
837 4232 883 4284 sd
910 4235 1002 4301 lpse
992 4251 1050 4286 rurs
1068 4234 1227 4302 pertinere
1219 4249 1247 4283 ιιι
1265 4232 1342 4283 Com

140 4305 282 4358 muntsrils
299 4307 397 4358 miris
415 4307 529 4374 primum
549 4303 980 4368 nnn01825.doouimus,l.om
1000 4307 1020 4357 1.
1045 4322 1108 4374 pga
1129 4305 1165 4359 89
1188 4307 1214 4355 et
1238 4301 1342 4367 plenius

143 4376 322 4442 exposuimus
345 4377 373 4428 in
390 4377 832 4446 Borsbirt,Zeitsebriftt.11.l.
852 4392 890 4429 os
916 4377 973 4430 lrsse
998 4383 1091 4432 nostre
1116 4374 1259 4472 expliosds
1285 4373 1341 4424 isin

141 4446 227 4500 hodie
245 4449 406 4514 generaliter
422 4454 530 4516 reospts
546 4455 595 4501 est.

179 4463 617 4584 strast2‚1.s.1s.1t.sb.
625 4515 740 4574 40—44.
758 4518 805 4572 llb.
826 4517 851 4571 2.
869 4517 894 4572 6.
917 4518 941 4581 s.
961 4516 986 4570 1.
1006 4533 1061 4588 seq.
1078 4518 1125 4570 lib.
1143 4515 1168 4569 2.
1188 4513 1213 4568 9.
1232 4513 1256 4576 i.
1269 4509 1295 4563 4.
1314 4509 1340 4564 5.
