3062 4972
573 304 653 344 crena
674 306 712 344 rr.
732 305 792 344 car.
814 306 836 346 1.
1251 295 1308 351 7701Δ

149 437 286 521 01055.
331 435 407 500 Cum
425 435 625 516 praecedente
648 435 806 500 divisione
829 413 944 498 etheo
961 437 1126 499 coniuncte
1140 443 1200 515 est,
1224 441 1307 518 quod

108 557 218 621 omnes
240 538 381 600 actiones
403 537 455 598 vel
477 539 508 598 in
530 537 674 618 simplum
698 542 955 616 conceptesnnt,
979 537 1030 598 vel
1045 539 1077 598 in
1092 536 1232 619 duplum,
1254 541 1308 602 vel

107 643 140 702 in
161 639 307 726 triplum,
339 637 391 699 nel
427 639 458 700 in
493 636 702 718 quadruplum
712 655 721 712 3
752 636 885 698 ulterius
910 643 1012 700 nutem
1034 638 1120 700 nulla
1143 641 1224 702 actio
1248 659 1309 702 ex-

109 740 252 818 tenditur
265 739 301 826 l).
346 739 380 800 ln
403 738 547 819 simplum
573 739 685 801 dantur
706 756 814 802 omnes
830 741 980 815 actiones,
1005 742 1136 820 querci
1154 759 1310 821 persecu-

108 843 226 904 tionem
249 841 423 916 continent,
446 841 477 901 in
500 839 640 920 duplum,
663 840 790 920 triplum
813 839 865 902 vel
883 839 1103 920 quadruplum,
1125 841 1256 922 reliqum
1269 844 1308 924 ⁹).

153 944 184 1024 ξ.
199 941 290 1008 1056.
335 940 493 1004 Dillernnt
515 959 642 1022 quoque
669 942 811 1020 actiones
836 959 892 1016 eo,
926 941 1009 1021 quod
1040 942 1176 1006 diversis
1206 943 1311 1006 locum

110 1041 387 1126 dantiud10i1s³).
431 1041 495 1104 Aut
525 1045 607 1103 enim
631 1043 732 1104 stricti
761 1043 840 1104 iuris
872 1059 930 1104 seu
957 1043 1058 1104 stricti
1086 1043 1194 1106 indicii
1226 1051 1311 1123 stunt,
1348 1082 1350 1086 -

110 1147 165 1204 aut
188 1143 275 1206 ncnc
297 1142 381 1219 fidei,
403 1149 456 1204 aut
478 1142 703 1229 arbitrariaet).
748 1142 821 1206 Haec
844 1143 957 1205 divisio
979 1161 1018 1205 ex
1036 1146 1137 1206 veteri
1157 1145 1313 1208 formula-

109 1261 180 1308 rum
204 1245 411 1324 conceptione
434 1243 630 1325 explicanda,
654 1243 710 1306 sed
728 1244 768 1306 ob
784 1243 915 1306 sontium
931 1245 1009 1306 iuris
1024 1245 1187 1326 penuriam
1200 1245 1228 1332 ⁶)
1252 1247 1313 1310 ade

109 1345 172 1406 buc
195 1344 330 1408 obscura
358 1351 416 1408 est.

152 1443 238 1506 Lites
261 1446 292 1506 in
318 1445 443 1508 iudiciis
467 1445 619 1508 tractandi
642 1447 796 1508 rationem
815 1464 873 1526 pro
895 1447 992 1508 variis
1014 1465 1178 1510 causarum
1201 1448 1312 1532 liguris

110 1545 228 1608 variam
253 1544 352 1608 luisse
376 1546 512 1622 debere,
548 1564 639 1608 nemo
662 1546 821 1623 infitiatur,
846 1565 978 1628 eamque
1003 1549 1062 1610 iam
1084 1551 1311 1630 antiquissimis

110 1645 304 1725 temporibus
328 1647 410 1726 apud
434 1645 590 1710 Romanos
612 1647 730 1709 veriam
754 1647 853 1710 luisse
876 1653 1019 1710 velerum
1040 1651 1219 1712 testimonia
1233 1669 1313 1727 con·-

110 1746 244 1810 firmant.
289 1745 370 1810 Aliae
391 1765 496 1810 ceusae
517 1767 534 1810 a
556 1746 708 1810 indicibus
729 1749 928 1814 strictissime
944 1750 1168 1828 tractabantur,
1190 1752 1260 1814 alite
1275 1753 1313 1814 ab

110 1844 242 1908 arbitria
265 1867 304 1910 ex
327 1867 417 1930 aequo
447 1857 478 1912 et
503 1851 583 1914 bono
608 1851 870 1928 diiudicabantur,
896 1851 969 1913 inde
991 1842 1081 1914 illan
1107 1851 1315 1916 Ciceroneet

110 1967 128 2010 a
141 1949 259 2012 Seneca
273 1950 372 2013 relata
385 1950 490 2012 indicti
505 1959 536 2014 ct
547 1951 682 2032 arbitrii,
706 1953 843 2015 iudicum
857 1958 889 2014 et
901 1953 1091 2016 arbitrorum
1104 1955 1263 2016 distinctio
1274 1953 1313 2042 ⁶).

153 2049 266 2112 Auctis
288 2058 397 2132 postea
422 2058 453 2116 et
476 2054 691 2134 multiplicatis
717 2055 913 2116 commerciis
927 2061 959 2116 et
971 2056 1048 2117 iuris
1063 2057 1200 2138 negotiis
1213 2057 1313 2138 magis

113 2151 282 2232 magisque
305 2153 441 2216 intense
463 2153 727 2235 discrepantibus,
746 2160 843 2216 uetus
865 2155 918 2216 illa
934 2155 1050 2217 divisio
1063 2158 1241 2220 accuratius
1255 2158 1315 2218 de-

111 2253 198 2316 finita
221 2258 318 2316 estet
337 2255 398 2316 tria
418 2254 606 2318 iudiciorum
630 2273 748 2338 genera
766 2255 929 2330 distincta;
951 2256 1062 2317 stricto
1074 2256 1208 2333 scilicet,
1228 2255 1316 2318 bonoe

108 2354 183 2436 fidei
203 2361 235 2418 et
260 2353 433 2418 arbitrario
454 2355 587 2432 iudiciu3
611 2357 685 2419 inde
707 2357 761 2420 illa
784 2360 815 2419 in
836 2357 940 2418 stricti
960 2357 1058 2438 ieris,
1085 2356 1175 2420 conc
1193 2357 1266 2438 fidei
1285 2365 1317 2421 et

110 2454 303 2518 arbitrarius
324 2459 463 2519 actiones
491 2458 617 2536 partitio
630 2457 668 2544 ⁷).

155 2561 185 2640 g.
201 2558 292 2624 1057.
337 2557 442 2621 Stricti
454 2558 533 2620 iuris
553 2565 642 2625 erant
653 2558 850 2622 solummodo
859 2559 886 2644 8)
908 2558 1114 2622 condictiones
1126 2562 1146 2622 i.
1164 2579 1192 2622 e.
1214 2562 1316 2624 actio-

112 2676 172 2722 nes
195 2677 235 2722 ex
253 2664 417 2722 contractu
440 2658 493 2722 vel
508 2663 598 2740 quasi
622 2679 662 2722 ex
682 2667 847 2724 contractu
874 2680 913 2724 ex
935 2680 996 2724 una
1017 2669 1107 2743 parte
1121 2662 1314 2746 obligatorio

116 2777 318 2788 —n-—n-

111 2856 168 2908 cfr.
181 2874 205 2908 v.
220 2857 340 2922 carim
359 2854 392 2906 V.
404 2851 446 2906 63.
460 2870 514 2922 seq.
535 2873 558 2907 c.
571 2854 669 2922 Keller
688 2855 710 2916 §-
722 2852 765 2906 91.
784 2855 827 2906 Ex
838 2855 942 2906 delictis
953 2854 1073 2906 senones
1090 2869 1145 2906 non
1164 2869 1248 2920 poene
1257 2853 1317 2908 ,sed

111 2928 153 2980 rei
177 2928 373 2994 persecutorias
399 2927 544 2977 nilominus
570 2932 677 2994 sparte
698 2929 736 2979 rei
752 2927 873 2994 poenales
892 2942 968 2990 esse,
993 2942 1053 2976 cum
1077 2925 1106 2976 in
1130 2927 1244 2978 heredes
1261 2942 1317 2977 non

112 2999 223 3060 dentur,
241 2998 291 3048 nisi
309 3001 440 3066 qnatenus
458 2998 646 3064 locupletiores
664 3001 726 3050 sunt
743 3015 778 3050 ex
801 2999 864 3050 dolo
887 2998 1020 3060 defuncti,
1046 3013 1063 3048 a
1083 2998 1219 3066 Sueipnpo
1243 3002 1317 3049 recte

113 3075 232 3122 notetur.
270 3070 378 3135 Syenem
397 3069 429 3119 V.
447 3072 471 3132 ξ.
490 3066 550 3121 211.

150 3138 181 3206 1)
201 3139 225 3199 §-
244 3138 287 3192 21.
307 3142 328 3198 I.
351 3141 378 3189 h.
399 3144 417 3190 t.
518 3137 545 3204 2)
565 3138 588 3198 ἓ.
607 3138 649 3190 22.
669 3135 712 3190 27.
731 3140 795 3192 Lh.
816 3145 834 3192 t.
1054 3165 1068 3198 0

151 3210 180 3274 3)
200 3211 312 3276 Heffter
331 3210 367 3260 ad
387 3211 434 3260 lib.
455 3210 501 3260 IV.
522 3211 582 3260 Gai.
603 3227 628 3276 p.
640 3209 682 3262 61.
702 3226 757 3278 seq.
794 3211 942 3271 Zr'mmerre,
964 3207 1315 3262 nomenculatore.

113 3283 139 3343 §-
158 3280 282 3335 58-68
325 3299 349 3333 c.
375 3283 498 3348 Sumpnp
514 3281 548 3332 V.
566 3281 591 3340 §-
611 3280 672 3334 219.
692 3297 747 3349 seq.
790 3300 814 3334 a.
837 3283 935 3334 Keller
959 3279 982 3338 ἓ.
1002 3278 1044 3332 88.
1080 3297 1104 3331 c.
1129 3280 1275 3348 Vunqerow
1294 3282 1315 3330 I.

112 3354 138 3414 ἓ,
159 3352 220 3407 139.
242 3353 347 3420 Muyne
370 3350 395 3411 §-
414 3350 474 3404 138.
1186 3387 1190 3399 .
1332 3395 1334 3402 .

150 3421 182 3489 4)
202 3423 226 3482 ἓ.
246 3419 457 3475 28.-31.1.n.
479 3427 497 3473 t.
534 3423 598 3474 Hace
624 3422 675 3472 triu
700 3423 768 3474 inter
792 3439 821 3474 se
846 3423 951 3474 diverse
976 3421 1111 3472 actionum
1130 3434 1229 3484 genera
1248 3434 1316 3480 esec,

80 3514 88 3526 ·
110 3495 239 3564 probant,
257 3496 290 3546 fr.
310 3492 334 3547 b.
354 3497 386 3546 D.
407 3492 450 3556 12,
470 3492 488 3545 3
509 3491 554 3559 (de
573 3495 601 3545 in
619 3494 658 3544 lit.
675 3490 746 3560 ium).
768 3499 794 3546 et
812 3497 843 3545 fr.
863 3493 888 3546 3.
908 3493 931 3552 ἓ.
952 3491 974 3542 1.
994 3495 1027 3542 D.
1039 3489 1083 3554 22,
1104 3490 1117 3541 1
1141 3488 1189 3554 (de
1211 3487 1315 3555 usur.);

112 3567 260 3634 inquibus
279 3568 394 3618 interes
415 3565 528 3618 invicem
547 3571 724 3632 opponuntur.
760 3567 921 3617 Arbitraries
939 3565 1057 3616 actiones
1086 3563 1121 3612 eb
1149 3562 1208 3612 aliis
1232 3562 1315 3612 fuisse

115 3639 265 3700 distinctae,
285 3638 382 3690 coniici
398 3637 477 3688 etiem
496 3637 559 3688 licet
576 3654 612 3696 cn
630 3638 683 3688 hec
702 3638 882 3690 controversie
900 3641 1032 3688 veterum:
1054 3649 1089 3683 en
1110 3634 1199 3684 omnia
1214 3633 1316 3684 iudicia

114 3715 209 3764 essent
229 3710 406 3771 absolutoria,
426 3707 460 3758 ds
479 3723 532 3775 qua
552 3709 611 3761 Gai.
629 3706 656 3760 4.
676 3707 699 3767 ἓ.
719 3699 760 3760 14.
797 3709 937 3761 Ze'mmern
956 3723 982 3772 p.
1003 3701 1063 3756 207.
1084 3709 1149 3755 nota
1169 3702 1196 3756 4.

152 3777 181 3846 b)
201 3781 292 3832 Locus
313 3781 382 3844 Gaii,
400 3780 447 3830 ubi
466 3779 500 3830 de
519 3783 551 3832 tis
572 3795 658 3832 sermo
675 3781 799 3843 babetur,
818 3781 846 3830 in
864 3795 916 3847 quo
935 3783 1072 3844 corruptus
1091 3781 1139 3827 est.

152 3849 182 3918 6)
202 3852 296 3904 Cicero
320 3869 368 3918 pro
393 3851 490 3902 Roscio
514 3852 635 3904 comoedo
655 3869 678 3903 c.
698 3849 722 3902 b.
751 3853 852 3917 Topica
872 3867 894 3901 c.
914 3847 938 3900 7.
967 3849 1000 3900 de
1020 3847 1113 3900 officiis
1130 3847 1178 3898 ΙΙΙ.
1199 3845 1241 3900 15.
1269 3846 1317 3900 Se·

112 3941 185 3978 nece
205 3923 239 3974 de
258 3923 395 3978 beneficiis
414 3923 461 3974 llI.
480 3919 506 3974 7.
533 3952 565 3962 -
594 3943 618 3976 c.
639 3925 768 3990 Santqny,
791 3923 898 3989 system
916 3917 1218 3986 V.p.101.·-103.in
1237 3921 1315 3971 nnus.

111 4016 137 4050 c.
157 3995 256 4046 Keller
275 3990 356 4054 §§.7.
374 3993 417 4047 13.
437 3989 478 4046 17.
515 3995 664 4062 Vestigium
684 3995 756 4046 illius
779 3993 952 4046 distinctionis
971 3997 1060 4045 exstet
1077 3992 1104 4043 in
1126 3988 1148 4050 §.
1171 3991 1195 4043 1.
1215 3992 1236 4043 Ι.
1254 3989 1314 4056 4,6

113 4066 164 4135 (de
181 4062 352 4130 actionibus).

151 4134 180 4202 7)
198 4155 223 4190 v.
243 4137 343 4188 Keller
365 4136 388 4197 ἓ.
403 4135 446 4189 83.

150 4205 179 4274 8)
197 4207 354 4260 Secundum
378 4209 544 4276 Savignyum
563 4208 642 4259 etlam
667 4207 758 4258 civiles
779 4222 815 4258 ex
837 4205 950 4269 delicto,
966 4207 1031 4258 licet
1055 4205 1237 4258 condictiones
1259 4219 1315 4256 non

114 4287 220 4344 secent,
248 4281 367 4332 actiones
391 4282 472 4332 stricti
489 4281 554 4331 iuris
581 4284 664 4331 erent.
682 4279 700 4328 l.
720 4295 742 4328 c.
763 4295 788 4344 p.
807 4273 869 4328 475.
890 4275 955 4330 567:
982 4275 1056 4347 quod
1074 4282 1174 4342 negent
1190 4276 1311 4338 Poclrta,

14 4340 30 4356 s
115 4357 221 4408 Gerros
247 4353 297 4404 uter
323 4347 525 4406 Inete'teete‘onere
545 4351 578 4401 11.
606 4367 631 4416 p.
653 4347 713 4400 121.
739 4354 766 4400 ct
789 4368 813 4402 v.
839 4347 939 4400 Keller
963 4351 981 4400 1.
1003 4367 1025 4401 c.
1051 4347 1074 4408 ἐ.
1093 4347 1135 4400 88.
1168 4349 1215 4398 cfr.
1241 4353 1268 4398 et
1291 4365 1317 4398 c.

119 4423 268 4490 Vanpercec
288 4420 311 4481 8.
334 4421 394 4478 139.
412 4440 439 4490 p.
451 4419 512 4474 227.
533 4445 566 4457 -
587 4421 695 4473 Certum
714 4425 762 4482 eet,
782 4421 834 4486 leg.
854 4420 941 4488 Aquil.
966 4422 1099 4474 actionem
1117 4420 1316 4472 condecentem

115 4493 390 4562 appellabisne.
411 4493 434 4554 ἓ.
454 4491 478 4544 1.
498 4495 532 4545 D.
553 4489 595 4557 12,
615 4491 629 4544 1
652 4489 700 4559 (de
720 4492 777 4544 reb.
796 4487 890 4557 crem).
