3098 4966
529 335 610 375 ιιιιιι
622 339 653 376 ιι.
672 336 740 376 raas
751 337 785 376 ιι.
804 339 863 379 oar.
873 340 915 380 ιιι.
1281 330 1335 388 159

130 461 430 528 sionoberoditatis
455 463 508 548 (ab
534 463 682 528 intestato
702 465 936 553 relinquenda)
961 470 1044 531 inter
1069 469 1205 546 liberos,
1235 489 1252 532 a
1272 487 1334 550 pa-

130 569 276 634 rentibus
299 565 391 642 faota,
415 581 486 645 quoe
507 567 576 628 sine
598 566 663 630 ulia
685 568 875 633 solennitate
895 572 991 647 vaiet,
1015 572 1149 634 simodo
1167 591 1183 635 a
1204 579 1335 654 parente

129 675 203 753 ipso
223 668 277 732 vel
299 687 317 730 a
340 666 450 728 liberis
473 666 643 730 heredibus
666 670 842 751 subscripta
868 673 909 734 sit
920 673 959 758 ¹).

174 772 290 856 §.556
335 771 370 834 ln
392 785 501 833 eorum
524 785 651 851 quoque
675 774 883 850 testamentis
906 775 960 854 qui
986 774 1172 856 contagioso
1193 771 1337 834 laborant

129 873 252 949 morbo,
274 872 349 956 lege
372 872 539 934 remissum
554 875 613 948 est,
635 878 670 933 ut
685 876 784 934 testes
812 881 931 957 aegroto
956 893 994 938 eo
1010 880 1151 953 tempore
1164 874 1336 954 iungantur

129 972 185 1036 vol
207 973 424 1055 socientur2):
454 973 493 1034 ab
516 974 743 1053 interpretibus
765 974 826 1038 boo
849 977 949 1056 pestis
974 982 1116 1056 tempore
1140 974 1254 1037 iactum
1276 993 1335 1055 ap·-

130 1067 313 1156 peiIabatur
332 1079 561 1138 testamentum.

173 1175 288 1257 §.oue
333 1171 367 1236 ln
390 1193 543 1238 eaeoorum
557 1191 635 1237 vero
657 1176 851 1238 testamentis
868 1175 1010 1239 solennia
1034 1179 1124 1237 aucta
1147 1178 1240 1249 sunt3
1264 1191 1335 1236 nam

129 1282 246 1358 preter
268 1281 388 1356 septem
411 1281 522 1351 testes,
544 1281 685 1352 octavus,
708 1277 761 1356 qui
780 1293 839 1356 pro
861 1281 1012 1338 testatore
1031 1274 1220 1351 subscribat,
1242 1273 1335 1337 adhi-

128 1378 244 1440 beatur
267 1393 400 1438 neeesse
424 1377 523 1464 est⁸).
567 1376 660 1439 surdi
683 1376 775 1438 simui
807 1382 838 1438 et
865 1377 942 1439 muti
969 1373 1111 1438 seribere
1139 1375 1331 1450 nescientes,

129 1478 160 1540 si
182 1477 308 1558 quidem
331 1480 426 1539 cartis
449 1477 563 1560 signis,
587 1479 629 1539 ita
649 1483 684 1538 ut
705 1478 936 1560 intelligantur,
958 1476 1150 1539 voluntatem
1165 1493 1252 1538 suam
1267 1493 1335 1538 ma-

129 1577 283 1640 nifestare
306 1585 457 1660 possunt,
489 1582 581 1641 venia
606 1597 645 1641 ex
669 1581 821 1660 principis
844 1580 999 1659 resoripto
1022 1580 1185 1659 impetrata
1207 1582 1238 1638 et
1258 1576 1334 1638 vul·-

131 1666 263 1761 garibn's
282 1679 468 1743 solennibus
491 1679 679 1757 observatis,
704 1687 791 1742 reete
814 1685 967 1742 testantur
977 1677 1018 1768 ⁴).

356 1867 424 1920 TIT.
442 1867 490 1918 IV.
526 1867 575 1918 DE
594 1865 800 1920 HEREDIBUS
819 1863 1072 1918 INSTITUENDIS
1085 1861 1115 1932 ⁵).

175 1980 291 2063 §.ooo
336 1981 502 2062 Postquam
524 1975 676 2059 vidimus,
708 1984 761 2061 qui
790 1986 974 2044 testamenta
996 1979 1101 2044 faeere
1133 1980 1272 2061 possint,
1303 1987 1336 2044 et

131 2081 247 2162 quibus
269 2082 370 2144 modis
392 2088 575 2146 testamenta
601 2081 739 2146 ordinari
759 2082 912 2158 debeant,
944 2083 1119 2162 proximum
1141 2087 1207 2159 est,
1237 2089 1271 2144 ut
1294 2083 1334 2146 de

130 2183 306 2246 substantia
329 2189 586 2246 testamentorum
601 2183 750 2245 dieamus.
790 2181 941 2245 Consistit
952 2200 990 2245 ea
1004 2199 1094 2258 vero,
1117 2183 1222 2244 utiam
1239 2201 1334 2264 supra

130 2285 327 2361 monuimus,
349 2287 522 2366 presertim
543 2287 575 2348 in
596 2285 724 2348 heredis
753 2285 968 2360 institutione,
997 2283 1037 2346 de
1067 2285 1207 2363 quoiam
1231 2284 1334 2346 statim

128 2383 343 2466 dispioiemus.
423 2433 428 2438 .

171 2489 201 2568 ξ.
213 2485 285 2552 561.
329 2485 474 2548 Heredes
498 2487 619 2549 institui
641 2491 775 2568 possunt
794 2485 886 2548 liberi
900 2485 1043 2548 homines
1057 2489 1089 2548 et
1102 2486 1205 2560 servi3
1228 2485 1332 2562 liberi,

129 2587 158 2649 si
180 2585 306 2666 quidem
329 2589 417 2649 ciros
438 2589 558 2650 romani
579 2589 651 2662 sint,
676 2595 708 2650 et
730 2605 798 2649 oum
818 2592 969 2649 testatore
984 2587 1120 2648 habeant
1135 2587 1334 2648 testamenti-

129 2687 313 2763 faotionem3
336 2690 423 2750 servi
447 2695 508 2752 tam
531 2690 651 2770 proprii
676 2707 766 2769 quam
790 2687 897 2763 aliani,
918 2688 1039 2768 proprii
1060 2703 1122 2748 non
1138 2685 1240 2748 solum
1263 2702 1332 2747 eum

128 2787 288 2864 libertate,
311 2788 369 2851 sed
393 2789 486 2850 etiam
511 2807 551 2852 ex
574 2788 739 2851 iustiniani
756 2789 980 2852 constitutione
995 2789 1064 2849 sina
1080 2786 1242 2861 libertate3
1264 2804 1332 2848 nam

129 2889 266 2951 instituti
286 2887 378 2949 liberi
396 2895 428 2950 et
443 2887 578 2952 heredes
595 2889 690 2965 fiunt;
714 2890 812 2952 alieni
829 2907 917 2967 voro,
944 2888 1069 2970 quando
1085 2903 1194 2950 eorum
1206 2885 1333 2948 domino

130 3003 201 3050 eum
226 2993 379 3052 testatore
402 2990 675 3052 testamentiiaotio
697 2992 796 3077 esti).

173 3087 290 3170 §.562
333 3088 456 3152 Nullam
493 3091 619 3153 omnino
643 3093 992 3157 testamentiiaetionom
1020 3089 1136 3152 habent
1157 3088 1332 3171 peregrini,

129 3190 206 3252 item
229 3189 283 3266 qui
305 3187 342 3250 ab
366 3190 449 3251 omni
472 3189 661 3253 hereditaria
682 3193 885 3254 successione
900 3190 1121 3265 excluduntur,
1144 3188 1334 3268 velutiper-

129 3287 309 3350 insitiones
330 3304 504 3369 eorumque
526 3287 593 3366 tilii,
615 3295 764 3370 apostate
785 3296 817 3350 et
839 3289 978 3356 haeretiei
998 3288 1205 3368 improbiores
1218 3289 1257 3376 ⁷),
1280 3290 1333 3350 vi-

129 3388 191 3450 dua
219 3403 289 3467 qum
312 3390 393 3450 intra
420 3407 532 3451 annum
560 3389 665 3452 luetus
687 3391 724 3452 ad
748 3389 903 3452 secundas
926 3389 1051 3470 nuptias
1075 3389 1199 3451 transiit
1211 3389 1239 3476 ⁸)
1271 3407 1331 3451 nae

129 3505 194 3550 non
224 3503 356 3567 corpora
392 3505 450 3550 sau
481 3489 618 3573 collegia
653 3489 740 3552 nulia
772 3489 903 3571 speciali
934 3488 1107 3572 privilegio
1142 3488 1331 3576 subnixat).

133 3601 333 3620 *nnn—na...-

167 3660 180 3712 1
215 3662 282 3714 Nor.
301 3657 345 3714 18.
364 3678 386 3712 o.
406 3660 431 3713 7.

164 3730 182 3783 2
213 3732 242 3784 O.
263 3732 288 3784 8.
315 3733 344 3784 0.
363 3732 389 3796 6,
408 3731 442 3786 23
469 3731 518 3797 (ut.
538 3731 602 3800 eit).
629 3737 669 3786 De
693 3736 769 3784 textu
793 3739 864 3786 neoto
888 3735 1004 3803 legendo
1030 3735 1093 3787 vids
1113 3733 1138 3786 Ι.
1162 3733 1330 3803 Gotbofreds'

128 3807 260 3872 maculo
280 3809 397 3866 πέπονα,
414 3822 440 3870 p.
459 3803 520 3857 634.
539 3821 593 3875 aeq.
630 3809 671 3858 De
695 3821 758 3856 vero
779 3807 974 3860 eonstitutionba
996 3823 1077 3860 sensu
1101 3808 1215 3857 multum
1234 3806 1326 3857 hodia-

129 3889 182 3946 que
202 3875 343 3940 disputant.
382 3877 433 3927 Otr.
452 3894 475 3928 v.
499 3876 646 3944 Vanparow
666 3878 688 3937 ἓ.
707 3873 768 3927 444.
788 3877 822 3928 11.
842 3877 866 3928 1.

164 3941 193 4012 3)
212 3947 241 3996 0.
258 3943 284 3996 8.
307 3945 335 3997 G.
355 3944 380 4008 6,
398 3945 432 4000 22
450 3943 505 4014 (qui
524 3953 629 4000 testam,
643 3951 732 4000 faeere
753 3945 848 4013 poss).

164 4013 194 4082 4)
214 4017 257 4069 Fr.
276 4016 301 4068 6.
320 4035 361 4084 pr.
381 4020 412 4068 fr.
433 4017 475 4069 19.
493 4021 527 4069 Ι).
547 4017 590 4083 28,
610 4019 622 4072 1
647 4019 703 4088 (qui
722 4018 825 4070 testoni.
843 4021 933 4070 faeere
950 4017 1042 4086 poss).
1060 4037 1082 4072 e.
1092 4017 1136 4072 10.
1155 4019 1184 4070 O.
1205 4019 1232 4069 b.
1250 4024 1269 4070 t.
1291 4019 1334 4070 eit·

166 4083 194 4152 5)
213 4088 256 4138 rr.
275 4086 300 4139 2.
319 4085 362 4140 14.
382 4087 415 4140 D.
435 4085 478 4152 28,
501 4089 526 4142 5.
546 4091 575 4143 0.
594 4091 620 4155 6,
637 4090 673 4143 25
691 4089 739 4158 (do
760 4090 851 4141 hored.
869 4087 969 4157 tanus).
1006 4091 1067 4160 Ulp.
1086 4091 1171 4142 XXII.
1193 4089 1217 4150 ἕ.
1235 4089 1331 4142 1-13.

130 4159 191 4214 Gai.
214 4158 256 4210 11.
275 4155 300 4218 ξ.
320 4155 469 4214 185-190.

164 4226 192 4295 6)
211 4231 255 4280 Pr.
276 4229 300 4290 §-
319 4229 397 4282 1—3.
417 4232 438 4282 I.
458 4231 484 4281 h.
503 4234 521 4281 t.

164 4297 192 4367 7)
213 4299 242 4352 0.
262 4299 287 4354 5.
306 4299 330 4360 1.
349 4300 373 4352 1..
390 4298 418 4353 3.
439 4301 468 4354 (t.
488 4297 549 4365 9,8
570 4294 617 4365 (ad
635 4302 722 4367 legem
740 4301 835 4352 Iuliam
853 4300 1019 4371 maiestatis).
1046 4320 1069 4356 o.
1088 4301 1113 4357 6.
1139 4301 1169 4356 0.
1188 4299 1251 4367 1‚=7
1282 4299 1330 4368 (de

129 4369 278 4508 ’2122
297 4369 495 4510 totins
508 4368 730 4508 ,ternant
751 4369 900 4438 mitt·

166 4509 194 4580 9)
214 4513 243 4566 0.
263 4513 289 4566 8.
309 4515 338 4568 G.
358 4479 385 4580 6:
401 4511 436 4566 24
455 4513 501 4582 (de
518 4513 610 4568 harad.
629 4459 822 4580 magnentis).
