3064 4966
550 261 643 336 ‘utun
656 298 685 340 u.
697 299 764 338 rins
774 301 803 336 u.
815 300 873 340 car.
884 302 911 340 r.
1284 293 1335 350 211

130 428 286 509 permisit,
313 429 508 490 statuerunt:
532 426 565 486 in
587 429 672 488 omni
691 425 799 488 ultima
814 423 976 488 voluntate
992 433 1125 508 excepto
1139 433 1336 506 testamento,

130 530 272 608 quinque
304 532 404 588 testes
427 524 479 586 vel
504 530 646 607 rogatos,
672 525 724 588 vel
748 527 801 606 qui
826 525 956 588 iortuito
981 529 1143 605 venerint,
1179 547 1241 592 uno
1272 549 1332 592 eo-

129 629 266 710 demque
289 634 429 707 tempore
452 625 571 688 debere
592 625 745 701 adhiberi,
767 627 836 688 sive
859 629 1036 708 inscriptis
1059 629 1208 692 voluntas
1232 631 1333 694 conii-
1397 629 1414 700 ,’

129 731 249 806 ciatur,
286 729 356 791 sive
381 745 461 804 non,
492 726 626 788 testibus
649 725 793 802 scilicet,
817 727 942 807 quando
965 730 995 788 in
1031 729 1158 808 scriptis
1187 730 1334 794 voluntas

130 833 338 910 componitur,
363 828 615 890 subnotationem
638 844 725 890 suam
745 829 1052 892 accommodantibus
1066 830 1105 916 ²).

173 931 289 1013 pisa.
334 927 506 992 codicillos
537 927 643 990 lacere
672 935 823 1008 possunt,
856 931 908 1008 qui
932 935 963 990 et
985 931 1094 994 testari
1123 933 1274 1012 possunt,
1305 935 1337 992 et

130 1037 193 1094 tam
217 1047 324 1106 uuum,
348 1047 440 1109 quam
458 1029 585 1108 plures;
611 1028 642 1090 bi
665 1031 747 1092 enim
764 1029 854 1092 simul
874 1047 983 1092 omnes
1004 1030 1219 1108 admittuntur,
1243 1035 1335 1096 etiam

129 1133 157 1194 si
181 1131 264 1194 forte
286 1135 419 1193 testator
441 1127 593 1190 adiecerit
615 1131 646 1190 in
667 1129 849 1209 prioribus,
881 1147 955 1196 sese
987 1131 1065 1194 alios
1095 1150 1199 1212 neque
1230 1133 1336 1196 iacere

107 1247 234 1312 'neque
257 1231 366 1292 ualere
389 1229 474 1292 velle
489 1230 528 1316 ²).
574 1229 771 1292 Novissimus
795 1229 963 1292 codicillus
986 1232 1018 1292 in
1041 1233 1080 1302 iis
1111 1237 1229 1294 tantum
1256 1237 1336 1296 arti-

129 1331 212 1396 culis
234 1333 394 1413 prioribus
417 1330 596 1411 praefertur,
617 1332 649 1392 in
674 1331 787 1410 quibus
812 1331 850 1392 iis
871 1330 1006 1413 derogat
1022 1338 1076 1394 aut
1094 1333 1336 1421 adversaturi).

172 1433 288 1514 §.740-
331 1431 401 1496 Non
424 1437 542 1494 tanturn
564 1436 667 1494 autem
688 1437 877 1494 testamento
901 1430 982 1493 iacto
1006 1433 1077 1511 quis
1099 1432 1263 1496 codicillos
1286 1435 1336 1496 l-

130 1553 205 1598 cere
227 1538 342 1614 potest,
366 1532 422 1596 sed
444 1538 476 1594 et
496 1533 534 1594 ab
557 1533 705 1595 intestato
720 1531 879 1594 decedens
896 1531 1165 1596 fideicommittere
1181 1535 1335 1599 codicillis

129 1635 288 1720 potest4).
333 1633 478 1696 Codicilli
500 1634 538 1696 ab
561 1634 709 1696 intestato
735 1634 808 1694 iacti
837 1633 939 1694 vicem
964 1635 1144 1705 testamenti
1175 1637 1335 1713 exhibent,

130 1738 261 1816 suisque
283 1736 406 1798 viribus
430 1735 608 1798 subsistunt
623 1740 655 1796 et
668 1733 801 1814 proinde
818 1735 999 1812 quicunque
1015 1734 1155 1796 intestati
1168 1752 1338 1800 successor

131 1839 203 1914 erit,
225 1839 316 1900 ctiam
340 1841 450 1918 postea
473 1841 576 1912 natus,
600 1834 756 1898 codicillis
778 1834 888 1896 relicta
914 1833 1076 1914 praestabit
1087 1833 1127 1918 ὃ).
1170 1836 1199 1896 A
1222 1842 1335 1900 testato

131 1955 210 2000 vero
236 1937 321 2014 lacti,
346 1939 416 1999 sive
440 1942 512 1998 ante
537 1941 755 1998 testamentum
778 1936 848 1998 sive
869 1941 941 2015 post
961 1935 1040 1996 illud
1063 1941 1138 1996 sunt
1160 1939 1335 2017 compositi,

130 2041 217 2102 vires
243 2057 283 2100 ex
306 2043 495 2102 testamento
517 2040 685 2118 accipiunt,
709 2043 740 2099 et
760 2040 808 2099 ius
831 2037 899 2098 eius
924 2041 1111 2115 sequuntur,
1134 2038 1176 2099 ita
1197 2037 1333 2116 quidem,

130 2146 248 2202 utnon
274 2139 356 2204 adita
384 2157 424 2202 ex
447 2144 634 2202 testamento
659 2137 835 2200 hereditate
858 2136 1131 2200 fideicommissum
1154 2154 1194 2198 cx
1221 2137 1335 2214 buius-

130 2239 214 2302 modi
236 2239 392 2302 codicillis
415 2239 534 2302 nullius
557 2241 704 2301 momenti
726 2239 815 2324 sito),
860 2236 994 2298 Possunt
1023 2241 1125 2298 tamen
1155 2236 1337 2317 specialiter

130 2340 308 2420 omfirmori
330 2339 487 2416 codicilli,
513 2358 572 2402 nec
594 2339 712 2415 refert,
735 2345 838 2400 utrum
862 2355 916 2399 eos
940 2337 1099 2418 precedat
1122 2357 1161 2399 an
1185 2345 1336 2417 sequatur

129 2441 322 2506 confirmatio
341 2441 379 2528 l).
402 2441 489 2504 lnter
508 2440 705 2517 confirmatos
729 2446 761 2500 et
780 2457 842 2500 non
865 2437 1062 2500 confirmatos
1085 2437 1250 2500 codicillos
1274 2440 1334 2500 hoc

129 2543 274 2619 interest,
298 2541 381 2622 quod
403 2543 434 2604 in
456 2541 520 2603 illis
542 2547 573 2602 et
590 2540 720 2602 libertas
737 2539 857 2602 directo
880 2539 947 2600 dari
969 2543 1073 2618 potest
1095 2543 1127 2598 ct
1148 2543 1234 2600 tutor
1255 2557 1335 2600 con-

130 2646 220 2706 stitui
233 2645 272 2730 ⁸).
592 2650 594 2654 ’

173 2751 204 2828 ξ.
220 2745 291 2810 741.
336 2744 518 2826 Privilegia,
543 2759 612 2824 quae
635 2743 820 2823 quibusdam
841 2743 986 2824 personis
1008 2743 1041 2804 in
1063 2745 1256 2806 testamentis
1280 2764 1336 2808 or-

134 2845 280 2910 dinandis
306 2863 459 2910 concessa
475 2850 561 2921 sunt,
584 2847 675 2908 etiam
689 2847 721 2906 in
736 2844 890 2908 codicillis
906 2844 1107 2908 conficiendis
1121 2845 1233 2908 iisdem
1248 2864 1338 2909 com-

133 2945 296 3033 petenti).
342 2945 504 3010 codicillis
527 2952 630 3008 autem
653 2945 813 3009 hereditas
833 2961 938 3025 neque
956 2945 1024 3006 dari
1047 2964 1150 3026 nequo
1166 2947 1260 3011 adimi
1275 2963 1336 3026 po-

132 3051 215 3122 test,
243 3063 284 3108 ne
308 3045 518 3110 confundatur
539 3047 589 3108 ius
612 3051 870 3108 testamentorum
892 3051 924 3106 ct
943 3045 1180 3122 codicillorum,
1212 3052 1243 3108 et
1264 3046 1337 3108 ideo

132 3165 193 3209 nec
217 3142 422 3210 exheredatis
444 3147 535 3209 iniis
556 3145 664 3208 scribi.
709 3145 785 3208 ltcm
805 3163 865 3218 nec
886 3144 1096 3208 conditionem
1117 3144 1229 3208 heredi
1243 3145 1349 3209 insti-

137 3269 336 3282 η-ιι-ιιι--υ-ψ-

169 3335 196 3404 1)
218 3338 247 3392 O.
265 3334 290 3388 7.
312 3337 341 3388 G.
359 3338 409 3388 Th.
430 3339 492 3392 sod.
511 3343 537 3390 et
555 3354 578 3388 c.
596 3334 621 3390 8.
643 3336 665 3396 ἕ.
684 3335 710 3388 3.
732 3336 762 3388 Ο.
781 3337 808 3386 h.
826 3341 844 3386 t.
865 3337 910 3386 cir.
931 3351 953 3386 c.
973 3331 1015 3386 13.
1042 3331 1152 3397 c.1,3
1181 3331 1229 3400 (ds
1247 3349 1337 3390 storo·

132 3415 217 3462 sanct.
238 3405 354 3470 eccles).

167 3477 197 3546 2)
216 3479 259 3530 Fr.
277 3478 304 3531 6.
324 3480 347 3538 ἓ.
368 3477 454 3531 1.-3,
475 3481 508 3531 D.
526 3481 552 3529 h.
571 3483 589 3529 i.
611 3477 634 3536 ἓ.
653 3475 678 3528 3.
696 3477 717 3528 Ι.
737 3476 797 3528 sod.
816 3479 847 3527 ir.
866 3473 891 3526 8.
913 3474 935 3534 ἓ.
955 3473 980 3526 2.
999 3476 1060 3526 sod.

168 3547 197 3616 3)
218 3551 248 3604 C.
267 3549 292 3602 3.
314 3552 343 3604 O.
363 3553 440 3604 h.·i..
526 3549 556 3614 4)
577 3549 599 3610 ἓ.
621 3548 644 3600 1.
662 3551 683 3598 Ι.
702 3551 728 3598 h.
747 3556 765 3600 t.
784 3551 815 3600 lr.
834 3547 859 3599 8.
876 3565 916 3613 pr.
934 3545 957 3606 §.
977 3545 1001 3597 1.
1020 3550 1050 3598 fr.
1071 3544 1112 3597 16.
1131 3547 1165 3596 D.
1184 3545 1212 3596 h.
1231 3551 1249 3596 t.

169 3621 198 3687 5)
218 3623 260 3672 Pr.
281 3620 306 3673 3.
325 3641 363 3690 pr.
384 3621 407 3680 ἓ.
426 3620 449 3671 1.
470 3623 500 3670 fr.
520 3619 545 3672 8.
563 3639 602 3687 pr.
622 3617 688 3678 §.i
707 3621 739 3670 fr.
759 3619 800 3671 16.
819 3621 851 3668 D.
871 3619 897 3668 h.
916 3623 934 3668 t.

169 3691 198 3758 6)
218 3693 261 3743 Fr.
281 3691 305 3744 3.
324 3695 347 3750 ἓ.
366 3692 390 3744 2.
408 3696 439 3744 ir.
461 3690 501 3742 14.
522 3691 564 3742 16.
583 3695 659 3742 D.l1.
680 3697 698 3741 t.
720 3708 742 3742 c.
762 3691 786 3742 1.
807 3693 836 3743 O.
854 3690 880 3740 h.
899 3694 918 3740 t.
956 3688 1024 3740 Inde
1050 3693 1076 3739 et
1100 3687 1171 3754 quod
1197 3686 1233 3736 ad
1257 3689 1338 3738 testa-

133 3765 360 3817 meniiiactionem
385 3766 513 3830 pertinet,
539 3764 567 3813 in
591 3765 632 3814 his
657 3763 787 3814 codicillis
808 3769 913 3826 tempus
940 3761 1089 3811 testamenti
1112 3758 1213 3809 conditi
1234 3763 1338 3809 tantum

86 3897 89 3902 ¹
133 3836 422 3972 mplpfoiFmr,1gliuI‹)111p
441 3836 482 3958 {is
500 3851 558 3957 qtae
572 3835 640 3959 ἑαοὶἰ
659 3841 727 3957 spat.
747 3835 778 3886 ir.
799 3831 866 3915 8.‘§.
886 3829 903 3884 3
922 3826 960 3894 (h.
978 3827 1018 3894 t).
1038 3833 1070 3882 ir.
1091 3825 1116 3880 7.
1137 3829 1160 3890 ἓ.
1181 3828 1204 3880 1.
1226 3829 1286 3884 eod.

242 3925 262 3957 r.
321 3945 327 3957 .
374 3944 380 3956 .
419 3945 424 3957 .
483 3923 505 3956 c.
544 3944 550 3956 .
593 3945 600 3956 .
641 3944 647 3956 .
682 3945 688 3957 .

143 4010 146 4030 t
169 3976 199 4044 8)
220 3979 264 4027 Fr.
282 3975 326 4030 43.
345 3981 378 4032 Ι).
395 3975 439 4040 40,
457 3974 476 4028 4
494 3975 541 4042 (de
558 3981 711 4032 manumiss.
724 3974 804 4040 test).
822 3977 853 4026 ir.
873 3971 897 4024 3.
918 3989 957 4038 pr.
976 3971 1063 4034 D.26,
1084 3972 1100 4022 2
1120 3970 1168 4036 (de
1188 3977 1248 4023 tesi.
1267 3969 1338 4035 tut).

135 4052 201 4112 Cum
222 4043 284 4100 ante
301 4054 488 4106 testamentum
507 4051 606 4098 iactum
626 4051 746 4101 codicilli
764 4048 827 4102 iacti
837 4049 921 4107 erant,
940 4045 1105 4110 Papinianus
1117 4048 1268 4110 putaverat,
1285 4059 1341 4094 non

135 4124 215 4173 aliter
234 4137 281 4172 eos
301 4123 372 4173 viras
391 4121 501 4183 hebere,
520 4135 598 4187 quam
618 4122 640 4172 si
657 4124 772 4189 speciali
788 4115 1029 4186 postearolnntate
1047 4115 1273 4166 confirmarentur.
1292 4113 1339 4164 Ss-

135 4209 215 4245 rerus
236 4199 326 4244 autem
348 4199 374 4244 et
392 4193 542 4243 Antoninus
558 4195 757 4259 rescripserunt,
776 4196 806 4240 ut
824 4205 859 4239 ex
876 4188 909 4237 iis
928 4187 1071 4249 codicillis,
1091 4189 1134 4256 qui
1153 4191 1340 4238 testamentum

134 4263 298 4333 precedant,
316 4264 553 4318 fideicommissum
569 4264 623 4330 peti
641 4265 733 4330 possit,
754 4263 776 4314 si
798 4264 929 4327 appareat
944 4275 1013 4322 eum,
1031 4259 1077 4326 qui
1087 4263 1181 4324 postea
1196 4261 1339 4308 testamen·

133 4345 191 4391 tum
211 4337 285 4398 fecit,
302 4355 321 4388 e.
336 4337 483 4398 voluntate,
503 4352 583 4402 quam
600 4335 733 4386 codicillis
754 4335 936 4398 expresserat,
964 4348 1020 4382 non
1041 4331 1191 4384 recessisse.
1229 4328 1268 4376 De
1286 4326 1339 4376 hoo

136 4411 198 4460 loco
218 4413 289 4460 recte
307 4408 507 4474 interpretando
528 4409 573 4458 cir.
594 4422 617 4457 c.
642 4405 789 4470 Voopcrow
808 4402 831 4462 ἓ.
850 4399 911 4460 526.

172 4475 201 4544 9)
221 4479 264 4530 rr.
284 4477 309 4531 8.
330 4479 354 4541 ἓ.
373 4478 400 4532 4.
418 4480 453 4529 D.
472 4480 498 4530 b.
517 4482 535 4530 t.
552 4479 584 4532 ir·
603 4474 645 4530 17.
663 4474 688 4536 ἒ.
706 4472 732 4528 4.
750 4476 783 4526 l).
803 4472 847 4538 29,
869 4471 883 4536 1
904 4470 949 4539 (ds
967 4477 1071 4530 mstsm,
1089 4465 1164 4557 mil).
