3082 4976
17 459 19 506 r

221 339 257 394 46
548 345 748 386 irrrrrurrons
766 345 841 390 tutus
861 344 963 389 nuru
983 345 1103 386 rrrvnrr.

225 479 324 552 riona3
358 475 445 542 pulla
471 475 546 558 lege
574 478 756 554 cotrcitum,
779 476 919 542 moribus
940 482 1043 542 ruteni
1066 477 1197 542 maxime
1219 475 1422 542 moderatum«

228 577 298 641 Non
322 576 423 640 solum
445 577 604 659 castigare
628 577 857 657 quovismodo
879 577 1170 642 servumdorninus
1193 577 1308 656 potuit,
1331 591 1423 639 noxae

158 733 161 738 .
227 695 297 740 curn
319 677 405 755 darc,
430 683 462 740 et
483 677 522 740 nd
539 677 701 740 arbitrium
718 676 859 742 alienare
870 677 922 742 vel
939 677 1173 756 deretinquere,
1195 675 1251 739 sed
1267 683 1299 738 et
1319 677 1423 756 ipsum

224 781 273 842 ius
298 781 371 842 vitae
391 785 423 842 et
439 779 526 842 nocis
549 779 581 840 in
605 777 739 842 cundem
762 781 793 844 ei
815 785 884 842 erat
905 795 1101 841 concessum.
1145 777 1183 840 Et
1199 777 1265 840 hec
1282 782 1424 858 potestas

225 883 304 944 iuris
325 882 469 962 gentium
493 885 577 955 erat3
599 899 669 944 nam
690 880 773 962 apud
789 897 1057 960 ornnesperaeque
1071 885 1184 962 gentes
1197 879 1315 948 veteris
1336 875 1424 945 orbis

228 981 524 1044 animadvertimus:
546 981 678 1046 dominis
693 983 724 1044 in
737 999 849 1044 servos
862 982 935 1044 vitoe
947 985 1099 1060 necisque
1112 985 1297 1060 potestatem
1311 977 1423 1051 fuisse,

226 1087 258 1142 et
283 1081 495 1160 quodcunque
520 1098 577 1160 per
607 1098 736 1144 servum
761 1081 1000 1160 acquirebatur,
1029 1080 1060 1142 id
1095 1079 1220 1142 domino
1250 1078 1371 1158 acquiri
1384 1078 1423 1163 ¹).

230 1179 306 1242 Cum
329 1187 432 1242 autern
462 1181 578 1243 domini
603 1182 663 1244 hoc
691 1183 822 1262 irnperio
845 1183 930 1243 abuti
954 1183 1082 1244 nimium
1111 1181 1253 1244 solerent
1274 1180 1332 1242 sub
1355 1179 1424 1239 rei-

229 1281 365 1362 publicae
387 1281 489 1357 linem,
513 1281 603 1363 leges
627 1287 658 1344 et
681 1283 921 1344 constitutiones
945 1283 1121 1362 principum
1142 1298 1249 1346 eorum
1272 1279 1425 1342 saevitiam
1527 1343 1528 1346 ,

224 1384 256 1446 in
280 1399 392 1444 servos
416 1385 637 1444 coercuerunt.
683 1383 745 1445 Sub
763 1382 910 1464 Augusto
935 1382 1068 1444 dominis
1086 1387 1225 1462 potestas
1241 1380 1342 1442 ablata
1363 1385 1424 1454 est,

225 1484 263 1546 ad
288 1483 409 1545 bestias
422 1482 648 1565 depugnandas
668 1500 727 1544 suo
742 1482 870 1544 arbitrio
883 1500 994 1545 servos
1016 1483 1158 1544 tradendi
1170 1483 1217 1568 2);
1240 1481 1334 1561 idque
1358 1480 1426 1542 divi

180 1633 182 1642 ,
224 1583 339 1645 iratres
364 1583 457 1670 neuin
480 1583 655 1645 criminosis
679 1582 803 1662 quidem
818 1584 927 1646 serris
950 1583 1209 1672 permiserunt).
1253 1581 1300 1642 Ex
1321 1579 1427 1642 edicto

223 1685 422 1764 imperatoris
445 1681 566 1745 Claudii
590 1701 696 1759 servo,
721 1701 814 1762 quem
836 1683 979 1746 dominus
1001 1684 1040 1745 ob
1062 1702 1190 1766 gravem
1216 1682 1425 1744 infirmitatem

224 1801 281 1865 pro
306 1781 461 1845 derelicto
484 1783 609 1858 babuit,
645 1783 775 1844 libertas
798 1783 996 1869 conpetit4).
1040 1781 1102 1854 Qui
1126 1799 1253 1846 seruum
1277 1786 1426 1844 castran-
1472 1857 1487 1876 N

223 1882 295 1946 dum
318 1882 464 1959 tradidit,
502 1902 559 1964 pro
582 1889 671 1964 parte
693 1883 818 1949 dimidia
841 1884 995 1947 bonorum
1017 1883 1185 1950 mulctatur
1213 1901 1253 1947 ex
1273 1887 1424 1943 senatus-

223 1982 369 2046 consulto
393 1969 451 2044 sub
475 1981 632 2045 Hadriano
657 1983 786 2066 lactat).
830 1983 1004 2045 Praesertirn
1028 1989 1130 2046 autern
1151 1984 1329 2045 Antoninus
1351 1981 1425 2042 Pius

224 2083 330 2148 servis
355 2083 493 2148 consulit
514 2085 759 2160 constitutione,
787 2101 848 2164 qua
872 2084 999 2146 iubetur
1020 2103 1109 2160 eum,
1146 2085 1200 2164 qui
1229 2085 1297 2146 sine
1329 2098 1425 2143 causa

223 2201 353 2246 servum
375 2199 466 2248 suum
489 2183 650 2260 occiderit,
674 2203 737 2246 non
760 2187 862 2250 minus
883 2185 1001 2265 puniri,
1022 2203 1114 2264 quarn
1127 2186 1180 2265 qui
1203 2185 1337 2247 alienum
1350 2200 1425 2246 sere

226 2301 299 2348 vunt
324 2283 507 2346 occidisset.
553 2283 638 2348 ldem
659 2286 829 2366 imperator
851 2302 974 2357 servos,
1001 2287 1054 2364 qui
1080 2285 1283 2350 obsaevitiam
1307 2284 1424 2348 domini

220 2383 261 2450 ad
290 2389 424 2450 statuam
454 2383 683 2467 confugerant,
715 2403 808 2449 causa
839 2386 966 2467 cognita
996 2405 1013 2448 a
1041 2391 1197 2464 potestate
1223 2385 1424 2458 dominorum

225 2483 378 2548 liberatos
397 2485 500 2548 voluit
511 2487 546 2566 6).
590 2485 815 2550 Constantinus
840 2486 978 2564 denique
1001 2485 1232 2549 etlustinianus
1257 2485 1426 2560 dominum,
1526 2491 1527 2500 ’

226 2587 282 2665 qui
303 2585 341 2648 ad
364 2593 495 2650 mortem
517 2604 645 2650 servurn
668 2587 748 2650 male
765 2589 959 2662 tractaverit,
982 2585 1140 2650 homicidii
1152 2604 1241 2662 reum
1255 2603 1327 2650 esse
1346 2603 1428 2647 con-

224 2687 397 2750 stituerunt
409 2686 443 2767 ⁷).
1427 2689 1430 2696 '

269 2803 301 2882 ᾗ.
318 2802 389 2866 159.
433 2799 502 2862 Non
526 2807 626 2863 tarnen
650 2819 770 2877 ornnes,
794 2803 849 2881 qui
872 2821 986 2866 servos
1000 2803 1172 2883 possident,
1196 2802 1296 2864 cosin
1312 2805 1428 2881 potes-

229 2905 294 2962 tate
319 2917 376 2964 sua
401 2899 534 2975 babent,
558 2900 614 2961 sed
643 2900 690 2962 illi
711 2905 847 2977 tantum,
880 2905 912 2964 in
942 2903 1031 2964 cuius
1058 2903 1199 2984 legitimo
1222 2907 1295 2964 sunt
1324 2901 1429 2963 donii-

228 3099 413 3176 uindtcare,
444 3103 603 3178 vendere,
636 3103 746 3185 legare
767 3105 902 3185 aliisque
924 3105 1024 3168 modis
1047 3105 1189 3167 alienare
1212 3109 1362 3184 possunt3
1395 3109 1430 3164 et

229 3200 408 3264 omnimodo
428 3219 487 3282 per
516 3221 571 3265 eos
600 3205 778 3284 acquirere.
832 3205 943 3286 Neque
974 3213 1074 3268 tamen
1106 3205 1179 3267 inde
1212 3203 1273 3266 diei
1305 3210 1428 3285 potest:

232 3317 359 3362 servum
382 3319 447 3364 rein
472 3319 561 3377 esse3
584 3321 653 3366 narn
669 3321 727 3384 pro
751 3305 875 3367 bomine
896 3305 1079 3381 habebatur,
1100 3306 1165 3386 qui,
1188 3305 1263 3365 licet
1283 3305 1362 3364 iuris
1376 3304 1428 3364 ci-

228 3401 303 3463 vilis
326 3404 486 3482 particeps
509 3421 570 3465 non
596 3410 691 3481 esset,
712 3404 820 3484 aliqua
835 3412 936 3468 tarncn
952 3406 1031 3468 iuris
1047 3406 1174 3487 negotia
1188 3421 1249 3466 non
1270 3401 1429 3465 inutiliter

227 3501 417 3564 contrahere
440 3508 472 3564 et
491 3503 648 3583 peculium
671 3504 789 3567 babere
810 3508 930 3586 potuit:
963 3505 1043 3568 tradi
1073 3507 1211 3568 enimet
1239 3505 1341 3588 legari
1373 3521 1427 3566 ros

277 3791 330 3858 ld.
350 3793 374 3845 1.
393 3795 413 3843 Ι.

276 3863 327 3930 m
385 3864 410 3915 n

276 3933 328 4001 w
387 3935 411 3988 a

530 3793 589 3846 Gai.
610 3793 634 3846 1.
654 3795 677 3854 ἓ.
695 3793 737 3848 52.

328 3864 385 3988 {zl
543 3903 548 3915 ·

473 3865 540 3921 21)
570 3863 614 3927 48,
633 3865 649 3917 8
667 3863 715 3932 (ad
733 3868 785 3932 leg.
805 3867 909 3918 Cornel.
928 3867 961 3917 do
981 3867 1088 3919 sicariis.
1115 3866 1179 3916 Tac.
1199 3865 1295 3916 Annal.
1314 3861 1424 3930 VLll).

458 3934 525 3998 .18,
544 3936 556 3988 1
581 3933 626 4002 (de
646 3941 766 3992 contrah.
790 3933 872 4002 emt).

279 4005 347 4072 >Fa
367 4004 391 4056 2.
410 4007 435 4056 Ι)
462 4004 543 4070 40,8

224 4083 278 4128 ton.
292 4079 325 4128 in
344 4077 473 4200 Clgudm
499 4077 517 4130 S
537 4081 631 4130 artian.
651 4081 677 4132 in
697 4079 847 4142 Hadriano,
866 4096 889 4131 o.
908 4075 951 4134 18.

260 4144 397 4212 nn.
470 4147 702 4217 maman

432 3793 458 3842 h.

430 3862 453 3922 ἓ.

431 3936 455 3986 D

418 4150 450 4199 D.

216 3002 278 3062 nio
291 3002 331 3089 Β).
353 3000 394 3061 .Ηὶ
415 3001 637 3077 enirnservos,
661 3002 791 3064 aliarum
807 3021 912 3068 rerurn
933 3004 1095 3080 adinstar,
1118 3021 1176 3084 pro
1190 3003 1256 3065 suis
1280 3007 1428 3077 tractare,

561 4008 619 4075 (qui
638 4010 694 4061 siue
714 4009 923 4060 manumissione
942 4007 978 4058 ad
996 4009 1144 4062 libertatem
1153 4005 1332 4078 perueniunt).
1359 4006 1426 4060 Sue.
1523 4055 1524 4060 ,

259 4217 1427 4284 omcuuannnnnanncansffinnsanwss

225 4286 402 4428 lazapo&
421 4365 451 4414 u.
473 4365 498 4426 9,
517 4361 551 4416 14
571 4359 617 4427 (de
637 4363 771 4417 emendat.
789 4359 877 4427 seru).
896 4379 918 4413 c.
930 4361 955 4414 1.
973 4361 997 4414 2.
1018 4362 1084 4414 Coti.
1103 4361 1207 4414 Theod.
1227 4361 1274 4412 IX.
1294 4361 1336 4414 12.

258 4431 287 4496 8)
307 4433 370 4498 Arg.
393 4433 452 4484 Gai.
471 4435 495 4486 1.
516 4433 538 4492 ἓ.
558 4431 593 4484 54
614 4440 640 4486 at
660 4433 683 4492 §.
704 4431 783 4486 3-5.
808 4435 829 4484 Ι.
848 4434 874 4496 2,
894 4435 910 4487 9
935 4431 994 4499 (per
1018 4449 1086 4502 quas
1106 4449 1212 4500 person.
1231 4434 1294 4484 nob.
1313 4434 1426 4501 acquiri-

222 4500 284 4569 tur).
322 4503 429 4556 Servilio
447 4506 569 4570 cognatio
588 4505 642 4555 rim
660 4505 744 4558 habet
764 4507 792 4556 in
809 4507 868 4556 doro
889 4501 912 4564 ἓ.
932 4503 976 4556 10.
994 4505 1016 4555 Ῑ.
1034 4503 1060 4569 1,
1080 4503 1115 4557 10
1134 4502 1179 4570 (do
1199 4501 1297 4570 nupt).
