3064 4966
599 338 680 374 urana
691 337 733 376 ru.
753 337 811 377 cnr.
825 335 852 374 r.
1275 325 1328 380 267

426 471 494 524 TIT.
514 472 548 522 Il.
584 471 633 522 DE
650 469 776 522 Pluris
794 469 994 524 PRAETORIIS
1003 467 1035 535 ¹).

167 611 198 690 ξ.
212 606 283 672 942.
329 605 431 682 Pacta,
455 623 494 667 ex
509 603 753 684 quibusPraetor
775 607 806 667 in
824 621 989 684 personam
1006 605 1159 666 actionem
1183 603 1245 682 dat,
1263 605 1336 669 baec·

125 715 220 770 sunt:
242 708 281 770 de
304 710 471 770 constituta
492 710 645 787 pecunia,
669 707 708 769 de
733 705 937 770 iureiurando
969 713 1000 768 et
1025 707 1064 768 dc
1087 707 1224 785 receptis
1247 723 1329 768 nau-

125 814 227 870 tarum
253 826 427 889 cauponum
449 813 479 870 et
502 807 744 870 stabulariorum
760 809 800 893 ²).

168 912 198 991 ξ.
210 909 283 973 943.
327 910 452 972 Pactum
476 910 515 971 dc
536 913 669 989 pecunia
693 911 860 970 constituta
873 910 900 992 ³)
926 915 995 986 est,
1020 912 1135 990 siquis
1157 907 1243 971 nulla
1265 909 1328 970 sti-

125 1008 291 1088 pulatione
313 1013 512 1090 interposita,
538 1009 594 1071 sed
616 1009 698 1070 nuda
722 1012 933 1072 conventione
954 1016 1046 1072 cavet
1066 1013 1126 1072 ie.
1151 1011 1325 1084 constituit,

125 1113 304 1175 soluturum
326 1127 372 1188 se,
397 1111 480 1191 quod
503 1113 572 1191 ipse
596 1110 648 1171 vel
663 1111 744 1190 quod
769 1109 851 1172 alius
877 1111 1025 1198 debet⁴lz
1050 1111 1148 1174 veluti
1170 1113 1198 1173 si
1220 1111 1326 1190 scrip-

124 1216 214 1290 serit,
236 1215 263 1276 si
285 1213 361 1293 quid
384 1211 478 1274 alicui
502 1211 640 1272 debitum
671 1212 875 1292 approbatum
899 1214 970 1289 erit,
997 1229 1031 1274 se
1056 1214 1085 1274 ci
1109 1218 1273 1274 cautorum
1296 1215 1328 1272 et

125 1313 303 1376 soluturum
315 1313 356 1400 ⁵).

170 1417 201 1495 ξ.
216 1413 288 1477 944.
331 1412 477 1476 Debitum
501 1432 540 1474 ex
563 1431 749 1494 quantunque
772 1431 866 1474 causa
889 1419 994 1493 potest
1016 1416 1165 1476 constitui
1187 1416 1208 1475 i.
1233 1432 1260 1475 e.
1288 1431 1327 1474 ex

124 1531 316 1594 quocunque
339 1519 519 1576 contractu:
555 1516 628 1576 item
651 1513 703 1575 vel
726 1520 836 1576 natura
860 1515 998 1576 debitum
1023 1515 1140 1577 suflicit
1155 1516 1195 1601 ⁶).
1241 1513 1328 1576 Con-

124 1617 213 1676 stitui
241 1621 343 1676 autem
378 1615 499 1676 inutilis
524 1615 685 1695 stipulatio
716 1633 778 1676 non
800 1621 915 1694 potest,
942 1617 1014 1694 quia
1037 1634 1099 1678 non
1121 1618 1225 1678 animo
1248 1633 1326 1695 pro-

54 1723 61 1737 ‘
124 1716 277 1780 mittentis
301 1715 550 1798 constituiturl).
595 1714 686 1777 Paeto
717 1715 755 1776 de
784 1718 917 1795 pecunia
943 1718 1111 1779 constituta
1135 1735 1199 1779 uon
1222 1733 1325 1778 nova-

122 1820 177 1876 tur
201 1814 369 1897 obligatio,
392 1815 449 1876 sed
470 1816 617 1894 praetoria
644 1815 797 1898 obligatio
821 1818 919 1896 priori
942 1817 1065 1878 accedit
1079 1819 1119 1903 8).
1163 1817 1270 1879 Potest
1294 1822 1326 1876 et

121 1915 211 1979 aliud
233 1933 291 1996 pro
314 1914 377 1977 alio
399 1917 549 1977 constitui
571 1915 683 1991 veluti,
709 1920 819 1996 utqui
842 1923 965 1979 centurn
988 1918 1112 1994 debeat,
1136 1917 1323 1978 trumentum

123 2016 267 2079 eiusdem
291 2017 385 2095 pretii
408 2018 576 2078 constituat
590 2017 625 2096 9).

169 2117 229 2190 Qui
252 2117 427 2192 constituit,
448 2134 483 2178 se
506 2117 694 2195 soluturum,
721 2117 803 2196 quod
825 2119 906 2180 alius
920 2119 1024 2196 debet,
1048 2119 1249 2181 intercedere
1274 2119 1326 2178 vi-

124 2220 237 2282 detur:
267 2217 340 2280 inde
368 2216 519 2280 mulieres
543 2217 622 2281 soto
651 2217 815 2280 Velleiano
838 2237 896 2300 pro
927 2219 997 2282 aliis
1024 2221 1219 2281 constituere
1243 2235 1322 2297 pro*

123 2320 277 2382 hibentur
292 2317 343 2404 ¹⁰).
742 2335 745 2342 ·

168 2424 198 2502 §-
214 2420 285 2486 945.
329 2419 361 2482 si
391 2420 461 2498 quis
484 2419 654 2499 postulanti
675 2419 860 2482 adversario
880 2422 1034 2482 iuraverit
1046 2422 1103 2509 11):
1134 2421 1243 2482 deberi
1264 2421 1325 2482 sibi

118 2522 300 2603 pecuniam,
323 2537 414 2599 quam
435 2526 577 2601 peteret,
601 2537 706 2600 neque
729 2523 758 2582 ei
779 2520 933 2597 solvatur,
958 2520 1076 2583 Praetor
1092 2523 1247 2582 actionem
1270 2522 1325 2582 iu-

119 2622 206 2683 ranti
231 2619 457 2696 accommodat,
479 2639 536 2701 per
559 2638 649 2700 quam
672 2639 735 2682 non
761 2621 839 2682 illud
862 2624 1030 2701 quaeritur:
1060 2641 1098 2682 an
1132 2624 1161 2682 ei
1191 2622 1325 2700 pecunia

120 2721 287 2796 debeatur,
312 2720 368 2782 sed
392 2738 431 2782 au
446 2721 663 2806 iuraveritffl).
708 2721 767 2792 Qui
789 2721 902 2783 detulit
922 2723 1021 2803 igitur
1038 2719 1266 2796 iusiurandum,
1286 2739 1326 2782 cx

118 2827 214 2902 pacto
239 2821 408 2904 obligatur.
433 2821 522 2894 Quod
549 2840 588 2883 ex
604 2823 816 2884 conventione
838 2821 980 2884 delentur
1002 2824 1209 2885 iuramentum
1234 2829 1322 2885 extra

123 2921 297 2998 iudicium,
319 2921 434 2983 referri
458 2940 520 2983 non
544 2928 668 3002 potest,
701 2923 743 2982 ita
771 2928 804 2982 ut
826 2923 1029 2984 adversarius
1052 2925 1157 2984 iurare
1180 2929 1324 3007 cogatur.

121 3021 187 3086 Sed
201 3024 233 3084 in
257 3021 373 3084 iudicio
396 3021 532 3084 delatum
555 3029 607 3084 aut
630 3023 794 3084 iurandum
817 3030 865 3084 est
887 3029 940 3085 aut
953 3023 1154 3086 referendum
1168 3025 1219 3110 ¹³).
1249 3024 1325 3086 lndc

119 3122 329 3185 iurisiurandi
356 3123 525 3184 voluntarii
549 3129 580 3184 et
602 3125 777 3185 necessarii
798 3124 969 3185 distinctio.
1015 3123 1070 3184 Est
1085 3123 1144 3185 hoc
1160 3125 1326 3186 iusiuran-

157 3357 187 3426 1)
210 3360 351 3430 Sequimur
370 3364 511 3416 Bucbbolc
528 3365 547 3414 l.
567 3381 589 3415 c.
607 3381 633 3429 p.
653 3363 712 3416 281.
732 3379 786 3432 seq.
825 3363 927 3430 Mcyaa
945 3363 983 3423 ἐξ.
1003 3363 1160 3416 332.-333.

157 3427 187 3496 2)
207 3432 236 3484 si
258 3433 412 3499 hypotheca
431 3435 574 3486 constituta
593 3437 625 3486 rit
644 3451 679 3486 cx
696 3441 787 3502 pacto,
805 3435 909 3486 nonnisi
926 3436 953 3485 in
973 3452 1028 3486 rom
1047 3437 1116 3486 actio
1136 3437 1271 3502 competit,
1290 3435 1324 3486 dc

119 3504 246 3572 precario
264 3505 453 3569 interdictum
479 3511 505 3556 et
524 3507 568 3574 qui
587 3507 725 3558 arbitrium
741 3511 913 3572 receperunt,
938 3507 1000 3558 licet
1028 3523 1045 3557 a
1061 3510 1176 3558 Proetorc
1201 3509 1262 3572 cogi
1282 3522 1323 3558 ao-

116 3579 205 3638 lcant,
224 3580 253 3625 ut
270 3577 428 3628 sententiam
448 3577 546 3640 dicant,
565 3579 669 3630 actione
687 3583 777 3630 tamen
795 3593 812 3627 u
825 3579 1098 3644 compromittentibus
1116 3579 1251 3632 conveniri
1269 3593 1323 3629 uon

116 3651 240 3715 poscunt.
279 3648 347 3698 Nam
369 3649 469 3699 mulcta
489 3653 592 3700 tantum
611 3650 727 3700 codroori
745 3650 839 3702 solent.
859 3650 902 3699 Fr.
923 3649 966 3702 32.
986 3649 1062 3710 §.12
1083 3647 1112 3700 D.
1125 3648 1152 3712 4,
1173 3649 1190 3701 8
1208 3648 1256 3715 (de
1276 3665 1318 3701 ro·
1395 3668 1399 3678 ·

117 3724 251 3852 oefflsbq
253 3733 314 3852 ι113,ἃ
315 3719 436 3853 941491.Πῖ
450 3719 561 3856 {030de
578 3718 969 3857 ρξΐιέἒοίῖηξΐὶῗιιῗέῑξὸξ.
987 3793 1008 3844 Ι.
1025 3789 1052 3854 4,
1069 3790 1085 3842 6
1107 3789 1155 3856 (do
1175 3791 1296 3859 aetiam).

122 3857 186 3996 ((14)
192 3860 323 3996 νΙόἓιι)ιιίει
343 3878 391 3928 pro
411 3863 482 3913 omni
501 3879 529 3914 re
550 3863 640 3914 debita
660 3864 794 3930 accipitur.
832 3863 874 3913 Fr.
895 3861 919 3913 5.
939 3881 978 3930 pr.
996 3858 1167 3916 fr.178.222.
1190 3861 1273 3926 boo,
1289 3863 1323 3916 16

156 3945 171 3982 c
218 3967 224 3980 .
266 3968 293 3982 ..

156 3997 184 4066 5)
205 4001 247 4052 Fr.
267 4002 291 4053 b.
313 4003 335 4061 ἓ.
354 4001 441 4054 3,-6.
462 4001 492 4054 D.
512 4006 537 4055 b.
556 4009 574 4054 t.
594 4005 655 4055 ntia
675 4005 799 4070 exempla
817 4005 845 4053 in
863 4006 894 4054 fr.
914 4003 1036 4056 24.-26.
1057 4003 1088 4055 D.
1107 4005 1133 4056 h.
1153 4011 1172 4057 t.
1193 4005 1325 4058 Hodierni

120 4073 205 4126 debiti
216 4079 326 4140 propria·
342 4080 367 4126 ot
387 4075 469 4126 debiti
488 4079 576 4128 cliear'
590 4077 760 4128 constitutum
781 4075 953 4140 distinguunt.

157 4141 185 4207 6)
206 4145 249 4194 Fr.
269 4147 293 4197 1.
315 4147 337 4205 ἓ.
356 4143 381 4196 ὃ.
401 4145 425 4198 8.
445 4143 476 4197 b.
497 4147 523 4196 h.
543 4152 561 4196 t.
669 4143 697 4211 7)
716 4146 758 4197 Fr.
780 4145 803 4195 1.
824 4149 846 4205 ἐ.
865 4145 891 4197 4.
910 4148 970 4198 cod.

157 4213 312 4277 amaa.
337 4214 449 4269 aaa
550 4214 578 4282 a)
600 4219 642 4268 ur.
665 4216 689 4268 1.
708 4215 825 4282 §.sla
845 4214 885 4282 a).

138 4281 248 4350 10)1⁴*r.
269 4287 292 4340 1.
312 4287 336 4348 §-
358 4287 381 4338 1.
404 4285 478 4338 Μ.
498 4290 517 4336 t.
536 4289 606 4340 Vide
625 4287 746 4356 supra5.
765 4286 826 4339 897.

139 4353 187 4411 11t
211 4355 241 4407 D.
261 4357 303 4422 12,
323 4359 339 4412 2
358 4356 405 4426 (de
421 4359 594 4412 iureiurando
615 4362 671 4413 sire
694 4360 844 4413 uoluntario
868 4360 924 4413 siro
942 4356 1116 4423 necessario).
1143 4358 1171 4410 0.
1188 4354 1248 4420 4,1
1270 4356 1319 4424 (dc

119 4429 178 4480 rob.
198 4430 270 4480 cred.
289 4436 317 4483 ct
335 4431 370 4482 dc
388 4425 519 4494 inceium).

140 4495 185 4565 12)
207 4497 230 4559 ἓ.
248 4499 291 4554 11.
310 4503 331 4553 Ι.
349 4503 376 4554 lu
393 4505 412 4552 t.
434 4499 480 4567 (dc
499 4497 572 4568 act).
587 4502 620 4554 fr.
638 4519 678 4568 pr.
699 4497 730 4552 D.
750 4501 776 4553 b„
795 4506 813 4552 t.
916 4497 961 4566 13)
979 4499 1022 4550 Fr.
1043 4496 1085 4550 17.
1102 4515 1141 4564 pr.
1161 4494 1192 4549 D.
1211 4498 1237 4550 h.
1258 4505 1274 4550 t.
