3064 4966
188 327 242 386 184
521 333 809 375 1115115510111111111
828 333 931 374 Romi
951 332 1071 372 suivant.

188 464 386 542 cedentibus,
408 463 569 540 incumbit,
593 464 703 544 utique
725 481 849 546 semper
867 464 895 526 si
915 463 954 528 ab
979 465 1127 531 intestato
1150 468 1285 534 heredes
1309 487 1390 544 suc-

189 567 323 644 cedunt,
358 571 412 628 aut
431 582 501 628 cum
524 579 564 627 ex
586 569 771 628 testamento
804 565 939 628 heredes
968 572 1060 643 sunt,
1087 586 1125 630 eo
1153 571 1186 632 in
1219 589 1294 636 casu
1325 591 1390 656 quo

189 669 281 732 etiam
303 667 342 730 ab
367 667 516 730 intestato
539 663 675 728 heredes
698 665 773 728 lacti
796 673 913 730 essent.
959 666 1113 730 Ceterum
1137 675 1196 734 tarn
1219 673 1390 738 5515115-

189 787 268 850 que,
300 785 391 849 quam
422 771 566 854 nepotes¹
583 771 758 848 neptesque
781 773 813 830 et
831 766 1003 850 deinceps,
1035 789 1072 833 ac
1093 773 1143 834 sui
1166 773 1302 839 heredes
1325 795 1389 839 non

187 871 290 934 minus
313 886 406 949 quam
429 868 612 947 emancipati
637 867 677 930 ad
698 867 925 932 conserendum
949 870 1091 934 adstricti
1114 876 1238 962 sunt1).

232 971 262 1052 5,
276 969 349 1037 653.
394 969 426 1032 si
449 969 581 1049 quaestio
606 971 664 1045 sit,
690 985 831 1049 quaenam
852 970 934 1032 bona
956 972 1019 1033 sint
1040 973 1249 1053 conferenda,
1273 976 1390 1039 viden·
1499 959 1502 968 ¹

191 1072 281 1148 dum,
316 1070 474 1151 aquibus
504 1068 615 1132 liberis
636 1069 689 1132 dat
716 1069 852 1134 collatio.
896 1071 1088 1153 Emancipati
1120 1075 1202 1136 enim
1232 1077 1287 1156 qui
1321 1077 1390 1139 suis

192 1173 363 1236 heredibus
384 1171 531 1234 conlerre
552 1176 712 1248 tenentur,
735 1175 836 1234 omnia
867 1171 948 1236 bona
975 1175 1006 1234 in
1037 1163 1240 1237 hereditatem
1269 1175 1391 1240 inferre

192 1275 320 1350 debent,
338 1287 409 1353 quo
424 1273 605 1354 parentibus
622 1272 880 1352 acquisivissent,
895 1274 924 1335 si
937 1274 969 1334 in
983 1279 1139 1354 potestate
1154 1279 1391 1356 remansissent,

194 1393 273 1458 erqo
293 1391 357 1450 res,
385 1391 462 1454 quas
483 1373 696 1454 aparentibus
712 1372 843 1436 donatas
859 1380 1057 1457 acceperant,
1078 1375 1151 1438 item
1164 1378 1392 1442 usumfructum

192 1477 346 1538 bonorum
367 1473 611 1536 adventitiorum
624 1472 663 1560 ²).

234 1573 349 1658 §.654
394 1573 427 1638 Si
459 1592 536 1636 vero
567 1576 617 1637 sui
651 1574 789 1637 heredes
819 1577 886 1638 suis
920 1577 1090 1640 heredibus
1120 1578 1174 1640 vel
1205 1581 1392 1661 emancipati

194 1677 396 1758 emancipatis
416 1674 591 1751 conferant,
616 1693 652 1737 ea
671 1681 789 1738 tantan
803 1676 993 1740 conserenda
1007 1683 1081 1740 sunt
1097 1679 1188 1755 bona,
1214 1697 1283 1760 quae
1299 1681 1394 1743 liberi

195 1799 231 1842 ea
245 1778 418 1840 intentione
433 1794 449 1837 a
465 1774 647 1855 parentibus
661 1781 863 1856 acceperunt,
885 1783 919 1837 ut
931 1778 963 1838 in
980 1777 1200 1841 hereditariam
1216 1782 1393 1860 portionem

194 1878 365 1960 aliquando
387 1879 634 1957 imputarentur,
670 1892 733 1956 quo
754 1878 912 1956 pertinent
934 1878 991 1940 dos
1013 1876 1085 1939 iiliae
1110 1880 1296 1956 constituta,
1331 1879 1394 1942 do-
1469 1952 1473 1965 1

193 1983 278 2044 natio
299 1983 429 2061 propter
451 1977 573 2056 nuptias
595 1977 626 2038 in
647 1975 742 2038 salium
765 1976 899 2058 collata,
922 1978 1035 2041 autad
1057 1978 1198 2042 militiam
1221 1981 1399 2057 emendam,

193 2081 297 2145 aliave
328 2095 533 2160 quaecumque
563 2077 689 2140 donatio
721 2079 780 2140 sub
809 2078 883 2161 lege
913 2080 1026 2141 suturae
1057 2077 1233 2143 collationis
1259 2081 1392 2168 factal).

195 2173 332 2263 Simplex
353 2181 436 2242 inter
457 2173 548 2241 vivos
571 2177 698 2240 donatio
722 2178 914 2242 conterenda
935 2197 997 2241 non
1020 2185 1086 2255 est,
1109 2180 1170 2240 nisi
1194 2179 1283 2242 etiam
1297 2179 1393 2241 dalius

195 2283 301 2346 iiliave
321 2281 434 2358 adsint,
460 2280 514 2360 qui
536 2279 640 2341 dotem
662 2279 714 2340 vel
739 2265 869 2360 propter
891 2281 1014 2360 nuptias
1035 2279 1233 2342 donationem
1247 2280 1394 2344 conferre

195 2382 400 2468 tenentur⁴):
426 2380 617 2443 credendum
642 2381 724 2443 enirn
748 2387 806 2456 est,
830 2387 977 2462 parentes
992 2381 1023 2441 in
1039 2379 1098 2443 hoc
1117 2397 1191 2442 casu
1206 2381 1394 2462 aequalitatis

194 2481 359 2548 servandae
381 2499 487 2558 causa,
507 2477 710 2543 'donationem
732 2481 764 2542 in
786 2479 860 2544 illos
884 2480 1002 2544 liberos
1029 2481 1212 2544 contulisse.
1247 2481 1393 2564 Reliqua,

195 2602 265 2666 quar
287 2581 465 2664 parentes
457 2600 489 2643 rn
513 2581 629 2643 liberos
660 2598 736 2643 suos
764 2581 1000 2662 impenderunt,
1029 2581 1068 2643 ad
1097 2581 1295 2645 collationem
1321 2585 1407 2668 cogi-

157 2671 163 2676 ’
194 2703 257 2748 non
281 2683 417 2759 debent,
449 2680 549 2744 veluti
577 2681 722 2744 alimenta
753 2683 804 2745 vel
828 2683 1002 2745 studiorum
1027 2700 1207 2790 expensae,
1226 2685 1394 2771 caetera5).

194 2785 283 2849 Licet
306 2790 408 2847 autem
432 2783 615 2864 parentibus
640 2783 825 2846 conserendi
847 2788 1037 2848 necessitate
1060 2763 1207 2848 liberos
1203 2803 1279 2848 suos
1310 2783 1395 2848 libe-

193 2885 320 2973 narei).

237 2989 267 3068 §-
281 2985 353 3051 655.
397 2983 446 3046 Fit
467 2985 591 3048 collatio
613 2985 770 3068 corporali
793 3005 898 3049 rerum
918 2987 949 3048 in
971 2987 1101 3050 mediam
1123 2985 1329 3049 hereditatem
1352 2985 1396 3048 il-

165 3155 166 3162 .
194 3085 325 3161 latione,
347 3089 400 3144 aut
422 3103 528 3147 aarum
549 3087 754 3150 aestimatione
776 3089 807 3149 in
822 3095 942 3168 partem
958 3088 1180 3151 hereditariam
1197 3091 1394 3166 computata:

196 3191 248 3250 aut
270 3187 297 3249 si
321 3191 466 3251 neutrum
491 3187 558 3249 steri
581 3195 700 3268 potest,
733 3190 878 3252 cautione
908 3187 1066 3252 derebus
1090 3189 1279 3270 quandoque
1305 3205 1395 3250 com-

194 3289 388 3368 municandis
411 3290 599 3369 interposita
616 3289 653 3377 ⁷).

237 3394 267 3472 5.
282 3389 354 3456 656
398 3389 458 3463 Qui
479 3407 537 3470 per
557 3391 782 3455 contumaciam
803 3389 1003 3453 collationem
1024 3408 1085 3452 non
1108 3386 1247 3470 implent,
1270 3393 1322 3450 aut
1346 3387 1396 3450 la-

197 3490 290 3554 miliae
311 3489 529 3552 herciscundae
557 3491 679 3552 actione
703 3491 740 3552 ad
764 3491 989 3553 conferendum
1014 3492 1088 3573 cogi
1114 3489 1306 3584 possuntt),
1341 3493 1397 3551 aut

199 3591 365 3674 denegatis
389 3589 589 3652 hereditariis
611 3589 838 3678 5550515559),
884 3591 916 3654 Si
938 3591 1133 3654 hereditas
1124 3608 1183 3652 mm
1212 3590 1314 3653 divisa
1341 3591 1396 3667 sit,

197 3697 229 3754 et
251 3691 376 3753 collatio
400 3709 458 3771 per
480 3709 620 3754 errorem
650 3689 782 3769 omissa,
817 3691 951 3758 indebiti
979 3691 1169 3755 condictioni
1198 3689 1289 3755 locus
1320 3691 1394 3754 erit.

231 3949 370 4018 1)(517.
392 3951 467 4002 (1.5.
486 3955 504 4002 t.
526 3952 642 4018 Nepotes
664 3968 696 4004 ea
715 3969 820 4022 quoque
838 3955 910 4006 bona
930 3955 1050 4006 conferre
1069 3955 1177 4017 debent,
1201 3969 1258 4022 quae
1275 3953 1397 4020 ipsorum

194 4030 318 4148 parentes
338 4024 373 4074 ab
392 4039 444 4073 avc
463 4039 510 4074 sno
530 4029 695 4089 acceperant.
723 4027 790 4077 Noa
809 4021 870 4078 118.
890 4042 911 4076 c.
931 4026 954 4075 1.

231 4093 309 4162 2)(l.
328 4091 371 4148 17.
393 4095 422 4146 0,
441 4095 467 4145 h
486 4099 504 4145 5
533 4095 686 4146 Basilioal.
705 4095 748 4150 43.
765 4103 785 4148 5.
804 4094 846 4148 36,
875 4096 928 4148 vol
950 4095 1018 4163 5
1021 4094 1106 4150 516.
1132 4098 1178 4148 cir.
1196 4100 1266 4148 ato.
1283 4094 1308 4148 6.
1327 4095 1351 4156 5
1369 4097 1396 4149 2

197 4169 226 4221 O.
244 4165 270 4230 6,
288 4166 320 4218 61
343 4166 482 4229 (debonis
501 4181 558 4234 quaa
577 4165 686 4231 liberis).
712 4185 735 4220 o.
756 4168 796 4221 13
819 4168 848 4219 0
868 4169 894 4218 h.
912 4173 931 4218 5.
949 4170 1068 4222 Basilica
1087 4169 1157 4219 XLI.
1177 4163 1202 4220 7.
1221 4164 1264 4218 36,
1301 4167 1337 4220 Se
1339 4168 1395 4237 q-ui

196 4255 253 4290 mur
275 4238 410 4299 Francus,
431 4240 545 4290 Oicilassst
567 4237 751 4308 Abhoudlum9
753 4257 787 4291 ea
809 4239 879 4292 Gom.
900 4238 1014 4307 astop
1017 4240 1103 4294 ,213
1123 4255 1177 4307 seq.

231 4257 1277 4376 3)(1.12,16.,.171813..20055.4)0.20,5,1,,..(155
1389 4341 1403 4356 .

229 4377 321 4440 5)Fr.
340 4379 365 4431 1.
383 4381 416 4430 D.
434 4379 461 4428 h.
482 4384 500 4429 5.
518 4376 663 4445 (37,6).o
665 4381 733 4436 ..12
753 4367 795 4434 2'0.
814 4381 856 4436 21.
878 4383 907 4435 (l
926 4382 987 4435 eod
1086 4379 1202 4448 6)Nor
1221 4379 1263 4432 18,
1282 4397 1305 4432 c
1325 4380 1351 4433 6

229 4449 1276 4521 75151112558)1“ι..1ρι.,1).377(55.55..)

232 4523 248 4578 3
281 4518 667 4582 Fr.1.510.53.1).u..t
