3082 4976
667 358 858 402 strumento.
1326 353 1362 406 28

154 493 226 552 oret
249 487 403 552 condendi
425 489 505 550 iuris
534 506 571 550 nc
600 486 709 571 legum
736 488 890 568 corporis.
946 487 1021 550 Ernt
1044 487 1234 558 lustininnus
1255 491 1279 567 1,
1304 493 1358 572 qni

154 599 220 654 tum
243 591 434 653 necessitate
454 595 630 671 temporum
656 595 805 665 coactns,
832 593 896 650 tum
926 588 1055 652 stimulo
1078 590 1213 670 quodum
1233 593 1357 662 insuu-

153 692 246 756 rnnrli
268 707 448 776 germanam
470 707 506 750 oo
527 690 682 752 sincerum
707 688 985 768 inrisprudontiom
1008 689 1166 766 incitatus,
1190 691 1240 752 ius
1263 689 1358 754 civile

153 794 187 854 in
214 792 274 856 hoc
296 793 429 872 imperio
454 789 656 867 reformavit,
687 806 778 870 quem
800 793 930 868 propter
953 807 1020 852 rem
1049 789 1147 872 longe
1167 795 1277 870 posteo
1300 791 1356 854 toti

153 891 225 956 lere
254 898 410 954 terrorum
439 890 508 954 orbi
541 893 717 972 generique
747 890 880 954 humano
902 889 1070 974 legislator
1093 890 1205 969 lectus,
1227 893 1358 956 immor·

153 993 314 1074 talemque
335 992 469 1056 nominis
491 992 541 1054 sui
563 990 696 1074 gloriam
718 990 851 1071 adeptus
874 996 934 1054 est.

197 1094 289 1176 §.ln
332 1092 523 1156 lustinionns
543 1093 669 1174 origine
693 1090 841 1172 illyricus
862 1091 900 1154 nb
924 1091 1082 1156 avunculo
1099 1090 1222 1156 Iustino
1235 1091 1260 1153 l.
1281 1083 1354 1156 Λιι-

152 1201 270 1278 gustos
303 1199 450 1269 orestus,
480 1209 551 1256 eum
584 1193 622 1254 ob
650 1210 732 1254 enno
757 1215 860 1256 nxxvn
890 1191 979 1256 solus
1011 1193 1167 1272 impcrnre
1192 1192 1353 1272 coepisset,

153 1294 324 1359 consilium
351 1295 443 1356 inivit
469 1293 548 1355 iuris
578 1293 773 1358 emendandi.
825 1293 986 1366 Quatenus
1019 1293 1075 1356 ille
1103 1292 1271 1356 virtutibus
1302 1291 1355 1364 vel

152 1395 369 1461 sinistimus
392 1397 443 1471 sit,
469 1401 501 1458 et
522 1395 618 1458 rebus
639 1395 740 1477 gestis
764 1393 817 1456 vel
838 1393 922 1456 domi
948 1392 1000 1456 vel
1029 1392 1198 1469 inbellis,
1221 1410 1354 1472 quorum

152 1496 298 1578 qnaednrn
321 1497 389 1558 eins
405 1499 611 1576 imperotores
626 1494 809 1558 felicissime
823 1500 1005 1576 gesserunt,
1030 1493 1090 1558 hoo
1104 1493 1174 1558 loco
1188 1495 1355 1574 preterire

152 1599 249 1662 fnoile
269 1613 448 1678 possumus.
493 1594 527 1656 ln
549 1597 620 1658 iure
645 1600 748 1657 nutem
771 1594 998 1656 emendandos
1016 1595 1112 1657 variis
1133 1595 1182 1655 sni
1203 1597 1353 1678 temporis

152 1698 345 1763 doctissimis
374 1698 452 1758 iuris
474 1697 584 1777 peritis
615 1681 824 1771 ostendimus,
859 1688 891 1758 et
919 1695 1100 1758 Tribonieni
1130 1697 1355 1790 cummaxime

152 1799 290 1863 consilio
312 1803 344 1860 ot
364 1799 512 1880 ingenio,
534 1799 635 1877 primo
656 1801 721 1862 tum
744 1797 894 1877 temporis
917 1796 1153 1872 iurisconsulti,
1190 1797 1354 1876 questoris

152 1899 264 1984 palatii
284 1898 448 1962 iustiniani
462 1899 500 1985 1).

91 2045 105 2054 .
197 1999 294 2084 §.lli
341 1997 433 2062 Initio
458 1990 649 2061 lustinienus
673 2015 791 2062 novum
812 2003 929 2060 tontum
957 2003 989 2060 et
1011 1997 1206 2060 emendatum
1234 1997 1356 2078 princi·
1472 2063 1476 2072 ,

151 2121 227 2184 pum
258 2075 513 2164 constitutionum
538 2099 686 2162 Codicem
718 2099 858 2162 condere
880 2099 1021 2161 voluisse
1044 2098 1190 2173 videtur,
1222 2115 1293 2162 cum
1316 2117 1354 2162 ex

66 2201 70 2213 '
151 2204 305 2266 immensa
323 2199 379 2264 ills
404 2201 662 2264 constitutionum
685 2202 786 2280 copie,
806 2217 875 2279 quae
898 2198 1015 2262 Codice
1037 2199 1247 2282 Gregorius,
1270 2199 1355 2262 Her-

151 2303 344 2386 mogenieno
367 2307 398 2363 ct
422 2299 641 2363 Theodosiono
665 2299 917 2374 continebuntur,
943 2303 974 2360 et
1004 2316 1044 2360 ex
1066 2297 1209 2362 Novellis
1232 2303 1355 2364 consti-

152 2402 340 2479 tutionibus,
361 2419 431 2483 qum
455 2421 472 2464 n
492 2399 669 2482 Theodosio
681 2399 709 2461 ll
734 2399 864 2462 indeed
884 2416 943 2462 sua
959 2415 1061 2480 usque
1083 2406 1221 2481 ternpore
1235 2404 1356 2466 emisso

152 2509 254 2580 erunt,
278 2503 350 2568 illas
365 2502 477 2586 colligi
492 2508 588 2583 etque
604 2517 667 2564 nno
679 2501 839 2566 volumine
854 2499 1000 2564 concludi
1011 2499 1146 2578 iuberet,
1170 2518 1240 2582 quse
1263 2487 1354 2568 eliam

153 2612 220 2668 tum
240 2608 390 2686 temporis
411 2606 443 2666 in
464 2620 524 2666 usu
547 2608 677 2682 essent,
710 2602 861 2664 detractis
886 2607 917 2664 et
939 2601 1066 2668 abolitis
1089 2603 1251 2681 omnibus,
1281 2619 1353 2685 quc

153 2704 209 2768 vel
232 2705 385 2787 derogem
408 2709 509 2781 erunt,
532 2703 585 2768 vel
607 2705 639 2766 in
662 2702 904 2766 desuetudinem
925 2702 1067 2764 abierant
1081 2701 1121 2790 ²).

195 2825 225 2904 ξ.
240 2822 290 2884 ll.
334 2821 404 2894 Quo
429 2819 546 2882 (lodice
563 2820 722 2900 publicato
747 2819 834 2906 (vni.
858 2819 933 2882 ldus
955 2819 1074 2900 Aprilis
1098 2819 1186 2907 529),
1210 2837 1279 2884 oum
1301 2823 1354 2886 in-

152 2927 241 2984 teren
263 2918 474 2986 intellexisset
495 2924 544 2983 ins
568 2922 672 2998 civile,
701 2921 797 3002 quale
822 2927 907 2997 eret,
938 2922 1115 2984 subsistere
1148 2939 1211 2984 non
1246 2939 1353 3004 posse,

153 3022 193 3085 ιιι
213 3014 343 3105 gravius
366 3039 446 3102 opus
479 3039 514 3084 se
548 3021 698 3098 contulit,
731 3028 763 3085 et
786 3019 954 3085 Theodosii
977 3023 1015 3083 ll.
1040 3021 1206 3084 eonsilium
1238 3039 1354 3104 prose-

153 3137 273 3204 quens,
303 3125 400 3186 totins
429 3124 508 3184 iuris
537 3123 729 3186 reformandi
762 3141 889 3204 operam
915 3125 1065 3204 suscepit.
1117 3123 1351 3189 lnstnurendnrn

152 3239 227 3288 esse
251 3223 529 3304 inrisprudentinnr
551 3224 717 3300 censebat,
752 3230 788 3286 ut
808 3225 858 3286 ius
884 3226 985 3306 ipsum
1005 3229 1181 3300 constaret,
1216 3225 1352 3304 ideoque

153 3339 305 3388 summum
324 3326 405 3386 iuris
427 3321 564 3388 studium
591 3325 829 3403 instituendum,
851 3325 947 3406 idque
972 3324 1188 3388 collocandum
1214 3327 1247 3385 in
1269 3339 1352 3404 eog-

152 3425 322 3487 noscendis
354 3431 498 3487 veterum
532 3426 828 3488 iurisconsultorum
861 3425 1084 3507 praeclarorum
1114 3423 1252 3502 scriptis.
1305 3421 1353 3484 llr

154 3525 203 3588 his
225 3527 324 3609 igitur
341 3531 505 3588 extensum
520 3543 611 3606 opus,
633 3525 837 3610 Digestorum
852 3526 962 3602 libros,
981 3527 1124 3606 componi
1139 3524 1242 3600 iussit,
1267 3525 1353 3606 quod

154 3626 419 3708 complecteretur
439 3643 635 3708 quecunque
655 3643 695 3690 ex
708 3631 809 3690 veteri
830 3627 1077 3708 inrisprudentin
1100 3631 1190 3689 aetnte
1213 3641 1270 3690 sue
1292 3627 1352 3690 otl-

153 3727 216 3790 lrnc
239 3727 418 3790 necessario
442 3727 646 3801 viderentur3
670 3729 720 3789 oui
743 3727 1058 3808 operilnstitutiones
1081 3743 1139 3790 seu
1153 3730 1253 3810 primo
1277 3728 1350 3791 ele-

154 3831 258 3890 mento
280 3827 376 3888 tottrn
391 3827 529 3908 ιιιρόιίιιιω
539 3827 676 3889 scientio
692 3829 852 3908 premisit,
872 3828 1043 3891 adiuvandi
1058 3829 1155 3891 studii
1168 3831 1247 3892 iuris
1271 3831 1349 3913 gre-

154 3927 208 3990 tie.
253 3926 307 3988 llis
322 3933 431 4008 posteo
448 3929 606 4006 codicem,
627 3928 830 4010 praelectione
842 3931 985 4010 repetito,
998 3931 1224 3994 accommodari
1246 3932 1351 4009 iussit,

158 4131 355 4141 -—-—--.-...

191 4243 218 4312 1)
239 4248 280 4300 De
300 4249 447 4300 Iuctiniono
472 4251 615 4316 presertim
639 4251 747 4318 legendi
773 4256 833 4302 sunt
857 4251 917 4304 libri
937 4253 1059 4320 Procopii
1085 4254 1112 4304 in
1131 4267 1242 4318 corpore
1260 4252 1366 4305 histor.¹

153 4319 316 4386 Byzantlne·
363 4321 462 4372 Bonnae
489 4321 577 4374 denuo
609 4322 687 4374 edite
717 4319 914 4374 1831-1833.
945 4341 1014 4391 opus
1043 4325 1208 4378 celeberrimi
1237 4332 1352 4386 mliii,

155 4390 218 4458 Cep.
240 4387 354 4454 41-44,
373 4397 399 4443 et
419 4391 567 4456 lucentiori,
588 4392 711 4448 H'c'stoc‘ro
731 4395 766 4446 de
788 4391 935 4448 Iustitiae.
972 4396 1056 4450 Porio
1075 4392 1152 4450 1856.
1171 4391 1188 4444 2
1209 4394 1270 4444 Vol.

189 4459 601 4525 t)1nrnnmnttoomtnunooes
626 4464 661 4515 de
687 4465 762 4517 Novo
776 4460 885 4530 scottos
909 4467 1035 4520 faciendo
1062 4471 1089 4519 et
1112 4465 1278 4518 maroneae
1303 4465 1348 4515 Dl-

156 4538 297 4599 gestorum·
